3532 4854
461 376 466 385 ‘
570 361 1048 455 Cauliniana,
1156 426 1160 433 -
1314 380 1464 475 235

279 561 457 653 Insolens
488 558 640 676 prorsus
668 557 1076 675 H'uttenbergenfibus
1109 565 1152 649 iu
1169 560 1371 649 montibus
1391 592 1460 683 ap-
1508 640 1512 651 ,
1549 640 1552 645 ,

164 731 311 842 paritio
333 724 485 838 plumbi
506 719 675 835 galaena!
733 717 874 829 Ferro,
907 725 1042 836 quanti
1068 728 1204 836 quanti
1222 719 1332 833 sunt,
1363 719 1460 853 leti,

166 914 283 975 nemo
315 881 475 970 sanein
505 881 586 965 illis
609 875 809 992 plumbum
841 878 1044 994 quesierit.
1101 876 1307 998 Inventam
1333 897 1464 969 tamen

165 1049 210 1153 iu
240 1039 485 1163 Lelliugenst
529 1057 642 1153 patte
676 1034 948 1152 argentileram
971 1038 1148 1154 galenum
1177 1041 1314 1161 teffulis
1343 1044 1462 1142 minu-

166 1204 286 1309 ritus,
302 1199 578 1321 'particulisque
606 1201 796 1284 micuztem
826 1196 1049 1309 Wallerii,
1079 1203 1121 1283 in
1149 1195 1256 1313 spato
1280 1199 1462 1285 calcareo
1580 1246 1582 1251 ·
1641 1244 1644 1249 ·

167 1346 452 1470 ciumascente‚
482 1356 564 1472 ipse
584 1386 737 1443 mecum
757 1355 939 1486 indidem
960 1359 1092 1444 retuli.
1151 1363 1212 1446 At
1236 1390 1343 1485 vero·
1360 1357 1465 1445 illud

168 1524 315 1635 majore
333 1501 635 1632 longe'dignum
655 1515 917 1603 admiratione
936 1515 1085 1627 adhuc,
1104 1519 1291 1631 galaenam
1311 1515 1382 1603 suae
1403 1520 1465 1603 in-

169 1680 384 1769 herentem
408 1683 577 1782 matrici,
609 1706 696 1764 cum
725 1677 866 1764 eadem
893 1675 1001 1762 simul
1021 1677 1227 1765 haematitae
1251 1675 1465 1775 flavescen·
1587 1702 1590 1707 ·

169 1836 438 1947 ti'i'nnatam,
480 1837 661 1924 eumdem
698 1829 863 1923 vicilltm
880 1834 954 1922 luo
984 1840 1025 1921 in
1051 1833 1154 1941 smu,
1185 1840 1321 1924 aetitici
1348 1837 1461 1963 adin·

158 1996 246 2091 liat
264 2000 413 2108 nuclei,
443 1997 561 2085 fixum
585 1997 806 2091 includere·
863 1992 1119 2089 Haematitem
1137 1999 1262 2111 hunc,
1291 2012 1376 2085 utut
1397 2026 1465 2083 ex·
1540 2112 1543 2117 Ι

170 2176 233 2247 tus
253 2163 422 2273 nigrum,
452 2159 506 2245 ob
525 2133 700 2246 trituram
719 2173 850 2245 tamen
869 2156 1313 2272 flavescentemspotim,
1348 2128 1465 2275 quam
1624 2142 1627 2146 ¹

171 2318 353 2429 mbram,
383 2347 470 2406 cum
494 2316 761 2431 Cronssedt0‚
792 2317 857 2404 W
858 2318 1026 2430 alletio,
1056 2319 1310 2441 Eorumque,
1341 2320 1467 2408 flave-

172 2474 345 2577 scentem
366 2474 546 2590 &ipsum
577 2476 677 2563 dixi.
736 2475 803 2564 Est
822 2480 894 2565 ille
914 2472 1142 2592 compeditis
1168 2475 1315 2567 solidus
1338 2506 1464 2564 amor-

151 2638 306 2754 'phus‚
346 2632 511 2751 badura
550 2634 695 2746 arida,
735 2668 854 2752 parce
886 2644 990 2728 mica
1033 2652 1232 2748 argentata
1272 2622 1497 2753 squamosa

172 2794 352 2903 Limaei,
380 2801 522 2903 intime
548 2826 647 2883 vero
679 2796 870 2912 magnesia
910 2803 1053 2887 mixtus
1082 2792 1287 2913 fuliginosa
1318 2791 1468 2880 friabili

175 2956 391 3065 walleri,
421 2953 623 3070 superficie
639 2955 820 3044 indurata
842 2977 940 3069 atra,
969 2965 1113 3076 partim
1142 2934 1467 3047 brailea'to-cel·

138 3092 322 3241 lulum,
352 3121 494 3228 partim
525 3117 757 3227 bottytico-
773 3116 990 3227 nudulum,
1030 3121 1243 3206 tuberculis
1282 3088 1470 3244 subtriam·

173 3275 394 3361 millatibus
416 3280 727 3390 prominentibus
748 3277 895 3392 aspera,
928 3279 966 3365 8(
994 3278 1106 3394 quod
1125 3279 1314 3401 singulare
1333 3280 1469 3389 plane,

173 3451 293 3552 etque
325 3432 379 3520 ad
410 3435 647 3551 propositum
676 3436 844 3524 nostrum
873 3443 1016 3548 unice,
1046 3439 1085 3527 8<
1114 3440 1320 3549 plurimum
1345 3434 1471 3544 facit,

173 3590 308 3709 spmsts
327 3624 408 3707 pet
422 3564 506 3683 eam
527 3597 725 3711 crystallis
745 3602 896 3711 exiguis
917 3599 1071 3714 plumbi
1090 3595 1245 3714 spatofi,
1274 3598 1375 3686 albis
1399 3624 1467 3681 cu·

173 3748 280 3843 luicis
297 3754 515 3869 pellucidis
535 3764 767 3851 nitentibus.

792 4154 923 4323 (ἒς-2
