3532 4854
390 328 396 345 '
525 316 1144 446 loconusnmanj·
1395 359 1449 449 19
1533 429 1540 442 ,

240 529 303 619 Ex
349 527 529 615 omnibus
568 528 724 614 illarum
761 531 962 640 regionum
1001 527 1202 642 indigenis
1246 530 1459 621 arboribus·

153 693 331 778 colorem
360 689 439 776 alia
467 686 576 775 nulla
605 702 685 775 tam
714 685 783 772 diu
817 687 857 776 81
887 685 1107 775 constanter
1134 686 1277 821 servat.
1356 684 1535 808 Quo..
1677 672 1680 680 ’

154 846 344 943 vetustior
383 844 582 961 supellex,
627 875 676 932 eo
716 847 922 960 pulchrior
953 846 1107 936 evadit.
1199 824 1245 937 ln
1276 854 1452 941 incerata

154 1005 342 1122 splendor
374 1008 521 1093 coloris
550 1005 713 1092 multum
743 1008 982 1095 extollitur.

244 1320 312 1412 Ob
342 1317 492 1410 diflum
523 1319 713 1447 hactenus
756 1268 860 1422 usum
899 1328 1075 1438 plurimae
1111 1268 1253 1413 tabula
1286 1291 1453 1444 quotan-

157 1492 219 1572 nis
247 1490 289 1571 in
317 1483 514 1594 Europam
546 1482 882 1594 transvehuntur,
914 1512 1005 1571 caro
1032 1483 1126 1607 =satis
1153 1484 1454 1610 persolvendae;

158 1640 265 1730 unde
295 1641 458 1757 quidem
485 1643 585 1761 ligni
612 1648 780 1757 pretium
812 1648 970 1756 gravius
1004 1642 1141 1731 evasrt.
1212 1631 1349 1732 Plures
1380 1646 1453 1736 ad·
1514 1755 1517 1758 Α

83 1915 86 1922 ¹
159 1799 355 1888 seruerunt
384 1800 485 1886 mihi
519 1792 706 1912 artifices,
737 1808 839 1890 intra
860 1801 1002 1903 decern
1023 1828 1146 1890 annos
1174 1802 1280 1891 illud
1306 1802 1360 1891 ad
1378 1807 1456 1893 'du-

158 1962 268 2076 plum
299 1926 556 2047 adscendisse.
614 1965 713 2049 Alia
743 1968 919 2048 caritatis
946 1968 1046 2049 ratio
1083 1958 1159 2047 elle
1188 1948 1364 2075 poterit.
1397 1992 1457 2053 ar·
1556 1996 1557 2000 ‘

103 2169 106 2175 ·
158 2122 278 2207 bores
306 2118 406 2224 has,
455 2121 617 2205 aliarum
658 2149 972 2238 quarumcunque
1016 2123 1059 2205 in
1091 2108 1279 2232 modum,
1309 2121 1460 2240 absque
1569 2199 1579 2215 ,

160 2266 244 2366 ullo
276 2277 501 2387 discrimine
532 2273 638 2367 salto
670 2280 800 2398 caedi,
829 2308 906 2365 nec
946 2280 1186 2391 purcilliis,
1218 2277 1311 2364 dum
1340 2306 1475 2394 novae„
1607 2295 1609 2298 ’
1642 2301 1645 2305 ’

166 2441 415 2535 coloniarum
447 2435 560 2524 sedes
590 2438 845 2546 exstruuntur,
877 2455 942 2524 aut
975 2437 1135 2555 quando
1166 2438 1363 2583 lignorum
1389 2469 1461 2552 pe·

163 2602 273 2684 nuria
297 2593 366 2682 est.
424 2593 536 2684 Loca
558 2593 658 2710 saepe
677 2597 852 2765 invisi,
840 2624 882 2682 m
904 2598 1060 2712 quibus
1058 2592 1148 2683 soci
1175 2597 1285 2683 mero
1305 2627 1356 2684 ex
1377 2597 1461 2687 hoc
1545 2702 1548 2707 ,

162 2759 273 2870 ligno
302 2738 508 2843 ardebant.

248 3064 414 3162 Faustus
444 3067 596 3184 grobofi
619 3067 718 3181 sunt,
747 3071 949 3184 Europaeis
984 3045 1236 3184 iuglandibus
1278 3039 1463 3185 maiorer,

165 3235 290 3322 multo
322 3236 442 3319 etiam
471 3228 674 3340 demorer,
721 3248 765 3317 ut
795 3231 849 3318 ad
885 3228 1144 3345 frangendam
1168 3259 1327 3317 nucem
1362 3232 1465 3317 mal·
1526 3238 1532 3244 ’

167 3395 255 3478 leus
303 3408 368 3476 aut
397 3387 520 3472 srmile
553 3386 843 3478 instrumentum
889 3395 1105 3506 requiratur
1120 3451 1143 3497 .‚
1181 3418 1261 3507 quo
1303 3358 1466 3476 nucleus

174 3548 257 3665 ipse
279 3551 399 3634 eximi
421 3563 552 3660 queat.
612 3545 789 3634 Nucleus
807 3554 925 3635 etiam
944 3554 1069 3661 magis
1086 3577 1110 3634 a
1129 3553 1242 3635 nucis
1263 3544 1360 3633 dura
1379 3543 1464 3634 sub-

171 3705 327 3810 stantia,
358 3733 473 3820 quam
491 3709 533 3791 in
556 3704 771 3820 Europaeis,
780 3681 1039 3820 implicatur,
1059 3703 1298 3822 &undique
1321 3709 1467 3794 obvol-

169 3868 304 3970 vitur,
335 3866 475 3979 quibus
510 3881 641 3949 tamen
677 3861 812 4015 sapore
843 3869 948 3957 nihil
989 3865 1164 3978 cedunt,
1194 3895 1317 3985 quare
1347 3848 1468 3954 etiam

170 4024 342 4109 libenter
367 4005 647 4109 comeduntur.
