3532 4854
233 367 318 463 382
548 347 927 429 Annrnanrnnna
957 360 1180 437 Quaenam

230 565 419 664 qnantum
438 539 536 649 scio,
566 513 710 626 nullibi
736 541 811 623 rite
833 528 1028 644 descripta
1057 530 1203 625 inseite
1224 544 1317 623 eum
1340 523 1523 625 Historiae

231 703 433 793 Naturalia
453 697 671 784 cultoribus
693 697 1059 781 communicatonrs.
1115 688 1272 784 Horum
1286 701 1370 784 tria
1392 726 1446 784 ex
1466 726 1522 784 or·

234 861 332 949 dine
351 859 682 968 Coleopterorum
706 848 791 937 sunt
818 847 1032 977 indigenae
1062 876 1178 949 unum
1207 882 1258 941 ex
1276 851 1525 968 Lepidopte

235 1025 291 1109 rie
308 1020 507 1103 exoticnm
537 1008 610 1120 est,
640 1008 693 1097 ad
714 1009 899 1124 Equitum
920 1008 1072 1097 Troum
1102 1010 1310 1100 cohortem
1337 1010 1525 1127 spetlum.

233 1172 338 1268 Haec
356 1200 452 1286 ergo
470 1198 613 1285 peuce,
641 1194 758 1284 quum
776 1173 981 1255 materiem
1007 1163 1287 1283 sufficientem,
1313 1170 1373 1258 ud
1394 1171 1525 1260 deser

237 1340 430 1424 tationem
458 1328 701 1443 peculiarem
732 1324 1081 1436 conlcribendam,
1131 1356 1214 1417 non
1248 1328 1526 1443 suppeditent,

236 1490 347 1583 hisce
365 1486 652 1597 Miscellaneie,
683 1502 877 1573 annuente
899 1482 1073 1595 editore,
1102 1488 1339 1574 intercalare
1354 1489 1525 1601 placem

125 1720 128 1726 .
238 1680 324 1769 quae
342 1646 371 1737 st
389 1676 476 1737 mea
499 1634 849 1754 determinatione,
868 1657 1006 1755 utpote
1026 1645 1124 1729 novi
1147 1645 1301 1751 coloni,
1327 1650 1435 1733 inter
1455 1675 1526 1735 cae·

235 1830 321 1898 tera
346 1835 451 1894 nunc
484 1803 622 1890 debite
650 1804 783 1891 locata
810 1798 912 1889 suern
942 1828 1100 1917 quoque
1128 1797 1334 1893 statiomm
1358 1808 1525 1894 invene·

146 1945 152 1956 ¹
239 1973 336 2079 rint,
366 1964 527 2052 multum
546 1960 744 2077 gaudebo.
897 2040 901 2047 .

353 2282 479 2374 H'enc
495 2276 681 2372 Historiae
705 2278 907 2369 Naturalia
937 2296 1115 2392 partem,
1145 2279 1205 2368 de
1234 2278 1395 2370 [resedire
1428 2283 1526 2372 scili·

238 2463 306 2535 cet
324 2460 528 2559 agentem,
557 2439 635 2529 elie
655 2445 776 2531 enam
791 2440 946 2527 homini
964 2441 1243 2548 emolumento,
1273 2441 1352 2532 eise
1379 2444 1526 2531 utilite·

241 2611 302 2717 ti,
330 2635 357 2692 a
374 2605 554 2719 plurimis
582 2616 730 2689 neturae
747 2596 1025 2687 lcrrrtetoriboe
1040 2598 1350 2709 jem-evidenter
1367 2599 1531 2690 demon·

235 2761 399 2865 ‚stratum
419 2758 492 2870 est,
521 2784 643 2881 quare
670 2786 758 2846 earn
788 2756 971 2846 laudibus
992 2759 1186 2844 extollere
1205 2755 1530 2870 supervacaneum

237 2898 382 3024 ¹duco;
410 2948 487 3007 nec
506 2915 708 3005 recensere
730 2917 801 3007 hic
818 2919 932 3005 locus
961 2912 1033 3025 est,
1063 2943 1149 3032 que
1167 2913 1369 3007 Naturalia
1397 2913 1531 3007 Hillo

247 3084 315 3166 riae
335 3076 501 3165 lludium
520 3103 600 3163 non
622 3072 746 3163 modo
766 3079 808 3161 in
828 3070 1123 3187 {peciolioribue
1147 3091 1297 3163 nemrae
1312 3073 1530 3186 modoetia,

225 3233 392 3328 ‘vetum
418 3240 538 3323 etiem
566 3237 608 3333 in
636 3231 743 3320 hisee
776 3231 1037 3335 anirrrelculie,
1066 3258 1154 3317 cunr
1184 3232 1238 3323 ad
1262 3227 1563 3339 Medicinam·

246 3413 329 3486 tum
359 3391 417 3483 ad
444 3389 747 3501 Oeconomiem,
776 3391 883 3479 bona
910 3391 950 3481 dt
975 3393 1088 3481 anilia
1110 3358 1294 3506 detexit,
1321 3389 1533 3480 dum-hec

249 3546 333 3641 line
354 3552 601 3664 diligentiori
630 3547 899 3666 disquisitione
929 3576 1056 3636 rerum
1076 3553 1405 3669 qualiumcumque
1427 3569 1541 3640 natu·

250 3712 390 3797 ralium
421 3707 493 3796 diu
513 3706 645 3796 adhuc
668 3704 900 3794 abscondite
928 3704 1076 3823 diuque
1105 3715 1283 3822 ignorate
1309 3709 1536 3804 mutsrffent

247 3860 330 3961 Nil
354 3871 458 3953 enim
478 3870 522 3953 in
542 3879 628 3951 tota
652 3881 802 3974 nature,
832 3872 1081 3983 quantumvie
1104 3862 1158 3958 ed
1187 3866 1416 3985 adfpellum
1442 3898 1558 3959 non-c

252 4024 373 4127 nullis
392 4024 477 4115 vile
498 4040 700 4144 appareat,
729 4024 1073 4115 contemnendum.
1283 4148 1287 4153 .
1454 4122 1466 4143 ,

643 4190 646 4195 ’
1323 4185 1372 4297 1)
1401 4182 1490 4275 Pri·
