<?xml version="1.0" encoding="UTF-8"?>
<!DOCTYPE html PUBLIC "-//W3C//DTD XHTML 1.0 Transitional//EN"
    "http://www.w3.org/TR/xhtml1/DTD/xhtml1-transitional.dtd">
<html xmlns="http://www.w3.org/1999/xhtml" xml:lang="en" lang="en">
 <head>
  <title>
</title>
<meta http-equiv="Content-Type" content="text/html;charset=utf-8" />
  <meta name='ocr-system' content='tesseract 3.04.00' />
  <meta name='ocr-capabilities' content='ocr_page ocr_carea ocr_par ocr_line ocrx_word'/>
</head>
<body>
  <div class='ocr_page' id='page_1' title='image "./miscellaneaaust00plapgoog_0169.png"; bbox 0 0 3532 4854; ppageno 0'>
   <div class='ocr_carea' id='block_1_1' title="bbox 232 332 1290 445">
    <p class='ocr_par' dir='ltr' id='par_1_1' title="bbox 232 332 1290 445">
     <span class='ocr_line' id='line_1_1' title="bbox 232 332 1290 445; baseline -0.008 -17"><span class='ocrx_word' id='word_1_1' title='bbox 232 343 313 445; x_wconf 77' lang='lat'>168</span> <span class='ocrx_word' id='word_1_2' title='bbox 467 332 729 426; x_wconf 62' lang='lat' dir='ltr'>Munna</span> <span class='ocrx_word' id='word_1_3' title='bbox 761 357 1001 419; x_wconf 75' lang='lat' dir='ltr'>uruntur</span> <span class='ocrx_word' id='word_1_4' title='bbox 1030 356 1290 422; x_wconf 70' lang='lat' dir='ltr'>canrosa</span> 
     </span>
    </p>
   </div>
   <div class='ocr_carea' id='block_1_2' title="bbox 232 527 1528 1284">
    <p class='ocr_par' dir='ltr' id='par_1_2' title="bbox 232 527 1528 1284">
     <span class='ocr_line' id='line_1_2' title="bbox 232 527 1526 651; baseline -0.004 -24"><span class='ocrx_word' id='word_1_5' title='bbox 232 535 537 651; x_wconf 81' lang='lat' dir='ltr'>descriptionem</span> <span class='ocrx_word' id='word_1_6' title='bbox 559 536 671 625; x_wconf 85' lang='lat' dir='ltr'>dare.</span> <span class='ocrx_word' id='word_1_7' title='bbox 727 534 833 625; x_wconf 82' lang='lat' dir='ltr'>Tres</span> <span class='ocrx_word' id='word_1_8' title='bbox 862 530 1038 644; x_wconf 84' lang='lat' dir='ltr'>ejusdem</span> <span class='ocrx_word' id='word_1_9' title='bbox 1068 559 1158 617; x_wconf 89' lang='lat' dir='ltr'>cum</span> <span class='ocrx_word' id='word_1_10' title='bbox 1176 527 1371 642; x_wconf 75' lang='lat' dir='ltr'>linono,</span> <span class='ocrx_word' id='word_1_11' title='bbox 1402 531 1526 623; x_wconf 78' lang='lat' dir='ltr'>Wal-</span> 
     </span>
     <span class='ocr_line' id='line_1_3' title="bbox 232 685 1527 806; baseline -0.003 -22"><span class='ocrx_word' id='word_1_12' title='bbox 232 701 351 806; x_wconf 89' lang='lat' dir='ltr'>lerio,</span> <span class='ocrx_word' id='word_1_13' title='bbox 371 692 627 804; x_wconf 85' lang='lat' dir='ltr'>Cronsledto,</span> <span class='ocrx_word' id='word_1_14' title='bbox 648 724 696 782; x_wconf 89' lang='lat' dir='ltr'>ac</span> <span class='ocrx_word' id='word_1_15' title='bbox 715 695 865 783; x_wconf 86' lang='lat' dir='ltr'><strong>Bomio</strong></span> <span class='ocrx_word' id='word_1_16' title='bbox 887 689 941 778; x_wconf 89' lang='lat' dir='ltr'>ad</span> <span class='ocrx_word' id='word_1_17' title='bbox 960 685 1128 777; x_wconf 64' lang='lat' dir='ltr'>sanilam</span> <span class='ocrx_word' id='word_1_18' title='bbox 1146 688 1433 803; x_wconf 84' lang='lat' dir='ltr'>Cunegundem</span> <span class='ocrx_word' id='word_1_19' title='bbox 1455 690 1527 780; x_wconf 86' lang='lat' dir='ltr'>de·</span> 
     </span>
     <span class='ocr_line' id='line_1_4' title="bbox 232 842 1528 965; baseline -0.002 -23"><span class='ocrx_word' id='word_1_20' title='bbox 232 861 401 942; x_wconf 86' lang='lat' dir='ltr'>teximus</span> <span class='ocrx_word' id='word_1_21' title='bbox 429 850 667 941; x_wconf 83' lang='lat' dir='ltr'>subalternas</span> <span class='ocrx_word' id='word_1_22' title='bbox 703 849 877 965; x_wconf 88' lang='lat' dir='ltr'>species,</span> <span class='ocrx_word' id='word_1_23' title='bbox 921 842 1441 963; x_wconf 80' lang='lat' dir='ltr'>cohaesronepotill&#39;rmum,</span> <span class='ocrx_word' id='word_1_24' title='bbox 1482 881 1528 940; x_wconf 89' lang='lat' dir='ltr'>ac</span> 
     </span>
     <span class='ocr_line' id='line_1_5' title="bbox 235 1003 1527 1125; baseline -0.003 -25"><span class='ocrx_word' id='word_1_25' title='bbox 235 1013 450 1102; x_wconf 83' lang='lat' dir='ltr'>subtilitate</span> <span class='ocrx_word' id='word_1_26' title='bbox 470 1017 664 1125; x_wconf 88' lang='lat' dir='ltr'>partium,</span> <span class='ocrx_word' id='word_1_27' title='bbox 694 1013 796 1095; x_wconf 90' lang='lat' dir='ltr'>inter</span> <span class='ocrx_word' id='word_1_28' title='bbox 821 1013 861 1094; x_wconf 87' lang='lat' dir='ltr'>le</span> <span class='ocrx_word' id='word_1_29' title='bbox 887 1003 1115 1098; x_wconf 84' lang='lat' dir='ltr'>differentes</span> <span class='ocrx_word' id='word_1_30' title='bbox 1126 1074 1144 1117; x_wconf 84' lang='lat'><em>,</em></span> <span class='ocrx_word' id='word_1_31' title='bbox 1172 1037 1307 1099; x_wconf 81' lang='lat' dir='ltr'>omnes</span> <span class='ocrx_word' id='word_1_32' title='bbox 1329 1009 1451 1100; x_wconf 86' lang='lat' dir='ltr'>acido</span> <span class='ocrx_word' id='word_1_33' title='bbox 1474 1007 1527 1096; x_wconf 84' lang='lat' dir='ltr'>es·</span> 
     </span>
     <span class='ocr_line' id='line_1_6' title="bbox 237 1166 815 1284; baseline -0.009 -25"><span class='ocrx_word' id='word_1_34' title='bbox 237 1170 520 1284; x_wconf 79' lang='lat' dir='ltr'>fervescentes,</span> <span class='ocrx_word' id='word_1_35' title='bbox 547 1199 596 1260; x_wconf 82' lang='lat' dir='ltr'>ac</span> <span class='ocrx_word' id='word_1_36' title='bbox 614 1166 815 1257; x_wconf 77' lang='lat' dir='ltr'>solubiles,</span> 
     </span>
    </p>
   </div>
   <div class='ocr_carea' id='block_1_3' title="bbox 508 1442 1217 1587">
    <p class='ocr_par' dir='ltr' id='par_1_3' title="bbox 508 1442 1217 1587">
     <span class='ocr_line' id='line_1_7' title="bbox 508 1442 1217 1587; baseline -0.004 -11"><span class='ocrx_word' id='word_1_37' title='bbox 508 1492 512 1497; x_wconf 93' lang='lat'>·</span> <span class='ocrx_word' id='word_1_38' title='bbox 567 1516 605 1576; x_wconf 68' lang='lat' dir='ltr'>a.</span> <span class='ocrx_word' id='word_1_39' title='bbox 634 1442 831 1587; x_wconf 73' lang='lat' dir='ltr'>curru</span> <span class='ocrx_word' id='word_1_40' title='bbox 858 1480 1217 1577; x_wconf 74' lang='lat' dir='ltr'>namurcen.</span> 
     </span>
    </p>
   </div>
   <div class='ocr_carea' id='block_1_4' title="bbox 241 1793 1534 2081">
    <p class='ocr_par' dir='ltr' id='par_1_4' title="bbox 241 1793 1534 2081">
     <span class='ocr_line' id='line_1_8' title="bbox 241 1793 1532 1915; baseline -0.003 -22"><span class='ocrx_word' id='word_1_41' title='bbox 241 1806 361 1893; x_wconf 82' lang='lat' dir='ltr'>Creta</span> <span class='ocrx_word' id='word_1_42' title='bbox 381 1801 582 1905; x_wconf 87' lang='lat' dir='ltr'>solubilis,</span> <span class='ocrx_word' id='word_1_43' title='bbox 610 1828 722 1914; x_wconf 85' lang='lat' dir='ltr'>pora,</span> <span class='ocrx_word' id='word_1_44' title='bbox 752 1794 1282 1915; x_wconf 67' lang='lat' dir='ltr'>larionem-pulverulenta,</span> <span class='ocrx_word' id='word_1_45' title='bbox 1302 1793 1532 1890; x_wconf 82' lang='lat' dir='ltr'>molliffirna.</span> 
     </span>
     <span class='ocr_line' id='line_1_9' title="bbox 242 1955 1534 2081; baseline 0.001 -32"><span class='ocrx_word' id='word_1_46' title='bbox 242 1959 365 2061; x_wconf 83' lang='lat' dir='ltr'>Creta</span> <span class='ocrx_word' id='word_1_47' title='bbox 389 1957 610 2067; x_wconf 78' lang='lat' dir='ltr'>farinacea,</span> <span class='ocrx_word' id='word_1_48' title='bbox 638 1955 867 2081; x_wconf 81' lang='lat' dir='ltr'>spongiosa,</span> <span class='ocrx_word' id='word_1_49' title='bbox 903 1960 1052 2049; x_wconf 77' lang='lat' dir='ltr'>moll&#39;u.</span> <span class='ocrx_word' id='word_1_50' title='bbox 1116 1961 1232 2053; x_wconf 82' lang='lat' dir='ltr'>Wut</span> <span class='ocrx_word' id='word_1_51' title='bbox 1259 1967 1347 2052; x_wconf 79' lang='lat' dir='ltr'>min.</span> <span class='ocrx_word' id='word_1_52' title='bbox 1379 1987 1470 2053; x_wconf 82' lang='lat' dir='ltr'>tuot.</span> <span class='ocrx_word' id='word_1_53' title='bbox 1500 1993 1534 2050; x_wconf 72' lang='grc' dir='ltr'>ι.</span> 
     </span>
    </p>
   </div>
   <div class='ocr_carea' id='block_1_5' title="bbox 350 2147 840 2237">
    <p class='ocr_par' dir='ltr' id='par_1_5' title="bbox 350 2147 840 2237">
     <span class='ocr_line' id='line_1_10' title="bbox 350 2147 840 2237; baseline -0.012 -2"><span class='ocrx_word' id='word_1_54' title='bbox 350 2147 438 2237; x_wconf 72' lang='lat' dir='ltr'>ru·</span> <span class='ocrx_word' id='word_1_55' title='bbox 462 2149 532 2232; x_wconf 73' lang='lat'>³0·</span> <span class='ocrx_word' id='word_1_56' title='bbox 559 2148 723 2229; x_wconf 72' lang='lat' dir='ltr'>uuor·</span> <span class='ocrx_word' id='word_1_57' title='bbox 836 2214 840 2218; x_wconf 93' lang='lat'><em>.</em></span> 
     </span>
    </p>
   </div>
   <div class='ocr_carea' id='block_1_6' title="bbox 497 2435 963 3195">
    <p class='ocr_par' dir='ltr' id='par_1_6' title="bbox 497 2435 963 3195">
     <span class='ocr_line' id='line_1_11' title="bbox 497 2435 859 2563; baseline 0.008 -41"><span class='ocrx_word' id='word_1_58' title='bbox 497 2555 502 2558; x_wconf 58' lang='lat'><em>„</em></span> <span class='ocrx_word' id='word_1_59' title='bbox 568 2435 778 2563; x_wconf 57' lang='lat' dir='ltr'>10Nivea-</span> <span class='ocrx_word' id='word_1_60' title='bbox 847 2466 859 2488; x_wconf 91' lang='lat'><strong>·</strong></span> 
     </span>
     <span class='ocr_line' id='line_1_12' title="bbox 563 2593 778 2683; baseline 0.019 -4"><span class='ocrx_word' id='word_1_61' title='bbox 563 2625 602 2679; x_wconf 79' lang='grc' dir='ltr'>ι.</span> <span class='ocrx_word' id='word_1_62' title='bbox 629 2593 778 2683; x_wconf 68' lang='lat' dir='ltr'>Alide</span> 
     </span>
     <span class='ocr_line' id='line_1_13' title="bbox 566 2753 963 2871; baseline -0.018 -27"><span class='ocrx_word' id='word_1_63' title='bbox 566 2785 604 2863; x_wconf 76' lang='lat'>3.</span> <span class='ocrx_word' id='word_1_64' title='bbox 634 2753 963 2871; x_wconf 63' lang='lat' dir='ltr'>libido-fluum.</span> 
     </span>
     <span class='ocr_line' id='line_1_14' title="bbox 569 2912 769 3015; baseline -0.01 -13"><span class='ocrx_word' id='word_1_65' title='bbox 569 2942 612 3015; x_wconf 83' lang='grc'>4.</span> <span class='ocrx_word' id='word_1_66' title='bbox 643 2912 769 3002; x_wconf 74' lang='lat' dir='ltr'>Hora</span> 
     </span>
     <span class='ocr_line' id='line_1_15' title="bbox 548 3070 887 3195; baseline -0.003 -6"><span class='ocrx_word' id='word_1_67' title='bbox 548 3101 610 3195; x_wconf 73' lang='lat' dir='ltr'>a·</span> <span class='ocrx_word' id='word_1_68' title='bbox 638 3070 887 3189; x_wconf 64' lang='lat' dir='ltr'>Hor-rua·</span> 
     </span>
    </p>
   </div>
   <div class='ocr_carea' id='block_1_7' title="bbox 165 3382 1548 4282">
    <p class='ocr_par' dir='ltr' id='par_1_7' title="bbox 165 3357 1548 4148">
     <span class='ocr_line' id='line_1_16' title="bbox 362 3382 1548 3506; baseline 0.003 -28"><span class='ocrx_word' id='word_1_69' title='bbox 362 3383 527 3478; x_wconf 83' lang='lat' dir='ltr'>Investit</span> <span class='ocrx_word' id='word_1_70' title='bbox 546 3382 824 3506; x_wconf 73' lang='lat' dir='ltr'>nonuunquar&#39;n</span> <span class='ocrx_word' id='word_1_71' title='bbox 855 3387 1074 3479; x_wconf 85' lang='lat' dir='ltr'>calcareum</span> <span class='ocrx_word' id='word_1_72' title='bbox 1104 3417 1154 3477; x_wconf 86' lang='lat' dir='ltr'>ex</span> <span class='ocrx_word' id='word_1_73' title='bbox 1182 3391 1274 3479; x_wconf 89' lang='lat' dir='ltr'>albo</span> <span class='ocrx_word' id='word_1_74' title='bbox 1296 3388 1548 3482; x_wconf 65' lang='lat' dir='ltr'>cinerasceu</span> 
     </span>
     <span class='ocr_line' id='line_1_17' title="bbox 249 3545 1540 3667; baseline 0.008 -30"><span class='ocrx_word' id='word_1_75' title='bbox 249 3566 356 3662; x_wconf 86' lang='lat' dir='ltr'>tem,</span> <span class='ocrx_word' id='word_1_76' title='bbox 386 3551 505 3636; x_wconf 79' lang='lat' dir='ltr'>brevi</span> <span class='ocrx_word' id='word_1_77' title='bbox 519 3545 862 3660; x_wconf 88' lang='lat' dir='ltr'>·describendum,</span> <span class='ocrx_word' id='word_1_78' title='bbox 891 3549 989 3637; x_wconf 81' lang='lat' dir='ltr'>alias</span> <span class='ocrx_word' id='word_1_79' title='bbox 1017 3555 1120 3636; x_wconf 88' lang='lat' dir='ltr'>inter</span> <span class='ocrx_word' id='word_1_80' title='bbox 1140 3548 1258 3667; x_wconf 80' lang='lat' dir='ltr'>strata</span> <span class='ocrx_word' id='word_1_81' title='bbox 1286 3554 1463 3663; x_wconf 73' lang='lat' dir='ltr'>ejusdem</span> <span class='ocrx_word' id='word_1_82' title='bbox 1483 3558 1540 3647; x_wconf 83' lang='lat' dir='ltr'>al·</span> 
     </span>
     <span class='ocr_line' id='line_1_18' title="bbox 251 3704 1540 3824; baseline 0.011 -31"><span class='ocrx_word' id='word_1_83' title='bbox 251 3724 362 3794; x_wconf 88' lang='lat' dir='ltr'>terna</span> <span class='ocrx_word' id='word_1_84' title='bbox 382 3708 612 3819; x_wconf 85' lang='lat' dir='ltr'>interjacet,</span> <span class='ocrx_word' id='word_1_85' title='bbox 642 3737 693 3795; x_wconf 87' lang='lat' dir='ltr'>ex</span> <span class='ocrx_word' id='word_1_86' title='bbox 710 3704 930 3795; x_wconf 72' lang='lat' dir='ltr'>fatiscentia</span> <span class='ocrx_word' id='word_1_87' title='bbox 954 3707 1128 3823; x_wconf 84' lang='lat' dir='ltr'>ejusdem</span> <span class='ocrx_word' id='word_1_88' title='bbox 1156 3713 1296 3824; x_wconf 91' lang='lat' dir='ltr'>procul</span> <span class='ocrx_word' id='word_1_89' title='bbox 1328 3712 1455 3805; x_wconf 91' lang='lat' dir='ltr'>dubio</span> <span class='ocrx_word' id='word_1_90' title='bbox 1481 3747 1540 3807; x_wconf 89' lang='lat' dir='ltr'>or·</span> 
     </span>
     <span class='ocr_line' id='line_1_19' title="bbox 165 3862 1540 3984; baseline 0.007 -29"><span class='ocrx_word' id='word_1_91' title='bbox 165 3967 185 3974; x_wconf 57' lang='grc'><em>,</em></span> <span class='ocrx_word' id='word_1_92' title='bbox 253 3881 294 3955; x_wconf 81' lang='lat' dir='ltr'>la</span> <span class='ocrx_word' id='word_1_93' title='bbox 303 3928 321 3971; x_wconf 87' lang='lat'><em>,</em></span> <span class='ocrx_word' id='word_1_94' title='bbox 347 3862 543 3984; x_wconf 82' lang='lat' dir='ltr'>sequentia</span> <span class='ocrx_word' id='word_1_95' title='bbox 562 3865 660 3967; x_wconf 79' lang='lat' dir='ltr'>filia.</span> <span class='ocrx_word' id='word_1_96' title='bbox 713 3863 784 3955; x_wconf 86' lang='lat' dir='ltr'>Est</span> <span class='ocrx_word' id='word_1_97' title='bbox 805 3882 932 3952; x_wconf 89' lang='lat' dir='ltr'>autern</span> <span class='ocrx_word' id='word_1_98' title='bbox 961 3871 1097 3980; x_wconf 81' lang='lat' dir='ltr'>pulvis</span> <span class='ocrx_word' id='word_1_99' title='bbox 1123 3864 1381 3961; x_wconf 84' lang='lat' dir='ltr'>subtiliffimus</span> <span class='ocrx_word' id='word_1_100' title='bbox 1400 3871 1540 3965; x_wconf 81' lang='lat' dir='ltr'>serina·</span> 
     </span>
     <span class='ocr_line' id='line_1_20' title="bbox 255 4018 1540 4148; baseline 0.003 -29"><span class='ocrx_word' id='word_1_101' title='bbox 255 4052 366 4136; x_wconf 73' lang='lat' dir='ltr'>oeus,</span> <span class='ocrx_word' id='word_1_102' title='bbox 385 4023 509 4115; x_wconf 68' lang='lat' dir='ltr'>taslui</span> <span class='ocrx_word' id='word_1_103' title='bbox 524 4018 782 4142; x_wconf 76' lang='lat' dir='ltr'>nrolliffimtu,</span> <span class='ocrx_word' id='word_1_104' title='bbox 801 4030 1029 4141; x_wconf 80' lang='lat' dir='ltr'>cypriorum</span> <span class='ocrx_word' id='word_1_105' title='bbox 1046 4025 1163 4117; x_wconf 83' lang='lat' dir='ltr'>inslar</span> <span class='ocrx_word' id='word_1_106' title='bbox 1182 4031 1418 4144; x_wconf 67' lang='lat' dir='ltr'>pulverum</span> <span class='ocrx_word' id='word_1_107' title='bbox 1445 4063 1540 4148; x_wconf 89' lang='lat' dir='ltr'>noo,</span> 
     </span>
    </p>

    <p class='ocr_par' dir='ltr' id='par_1_8' title="bbox 1421 4210 1489 4282">
     <span class='ocr_line' id='line_1_21' title="bbox 1421 4210 1489 4282; baseline -0.044 0"><span class='ocrx_word' id='word_1_108' title='bbox 1421 4210 1489 4282; x_wconf 84' lang='lat' dir='ltr'>aut</span> 
     </span>
    </p>
   </div>
   <div class='ocr_carea' id='block_1_8' title="bbox 0 0 1799 4854">
    <p class='ocr_par' dir='ltr' id='par_1_9' title="bbox 0 0 1799 4854">
     <span class='ocr_line' id='line_1_22' title="bbox 0 0 1799 4854; baseline 0 0"><span class='ocrx_word' id='word_1_109' title='bbox 0 0 1799 4854; x_wconf 95' lang='lat' dir='ltr'> </span> 
     </span>
    </p>
   </div>
  </div>
 </body>
</html>
