3532 4854
231 353 340 458 146·
460 332 1293 426 Mannnarnornarsranosa

41 648 44 655 ,
229 547 306 660 jam
336 538 433 626 inde
466 566 489 623 a
517 565 638 650 puero
669 535 818 622 secutus
851 528 1067 643 sarrsliora,
1104 527 1393 652 felicioraque,
1434 564 1531 625 nun·

233 727 349 820 quarn
381 696 601 809 disciplinis
629 690 739 781 hisce
766 699 1024 805 vacaverim,
1054 693 1097 782 8(
1122 693 1235 803 heri,
1275 711 1318 780 ut
1344 695 1459 813 qnod
1487 726 1531 784 re

234 858 316 974 ipsa
336 853 422 966 σίζ’
439 850 614 940 candide
634 848 772 964 fatear,
802 857 968 967 primum
986 851 1042 940 ad
1062 880 1127 938 eas
1148 855 1376 940 incumbere
1397 880 1531 972 coepe*

235 1019 340 1110 rim?
398 1013 662 1102 Consummati
690 1013 736 1098 hi
765 1016 808 1096 in
834 1028 920 1100 arte
949 1008 1062 1119 Viri,
1092 1017 1172 1098 imo
1194 1009 1329 1099 verius'
1351 1010 1531 1128 Magistri

205 1170 356 1291 arria,
397 1178 547 1290 optime
577 1169 632 1258 de
660 1171 835 1257 literaria
863 1198 907 1256 re
934 1177 1043 1259 omni
1072 1198 1125 1257 ex
1156 1187 1269 1293 parte
1295 1177 1452 1281 meriti,
1492 1172 1534 1265 81

235 1341 376 1458 quibus
400 1333 509 1450 ipse,'
527 1331 556 1419 sr
575 1327 676 1448 'quid
695 1325 854 1419 demum
872 1329 951 1417 hac
971 1335 1012 1417 in
1033 1358 1076 1417 re
1095 1324 1196 1441 scio,
1225 1346 1352 1417 totum
1374 1304 1550 1421 med&

235 1500 331 1588 bere
361 1494 574 1612 profiteor,
625 1492 725 1576 licet
753 1488 811 1575 ad
837 1487 1008 1602 speciem
1048 1490 1163 1615 aliter
1191 1497 1293 1578 inter
1323 1489 1362 1615 se
1391 1478 1532 1580 sentire

236 1656 466 1765 videantur,
496 1648 650 1768 possunt
670 1667 802 1734 tamen
832 1646 976 1735 eodem
995 1650 1114 1762 plane
1144 1647 1291 1736 senfiffe
1319 1650 1461 1763 modo,
1492 1648 1537 1775 os

235 1823 364 1908 oannis
385 1815 561 1940 deniqne
581 1811 810 1925 opinionum
830 1805 1039 1895 diversrtas
1058 1835 1109 1894 ex
1137 1836 1186 1894 eo
1207 1809 1400 1897 duntaxat
1419 1839 1531 1926 repe·

233 1975 360 2067 tenda
388 1973 451 2084 sn,
479 1996 561 2057 non
588 1966 701 2087 quod
728 1948 885 2067 nimern
905 1964 976 2079 ipsr
999 1964 1251 2054 essentialiter
1271 1969 1386 2080 inest,
1416 2000 1532 2088 qum

233 2141 368 2255 potius
397 2126 508 2252 quod
537 2113 588 2217 eir
614 2127 853 2236 accidente,
894 2144 937 2213 ut
969 2125 1149 2215 laudatus
1179 2125 1289 2242 supra
1326 2133 1532 2223 Gmelinu'a

30 2320 69 2397 '.
123 2303 135 2327 -·
235 2304 317 2408 git,
349 2321 437 2380 cum
470 2287 638 2396 eadem,
667 2283 788 2374 isthic·
813 2286 1007 2401 locorum,
1038 2313 1119 2374 non
1151 2292 1246 2374 item
1279 2291 1392 2402 alibi,
1421 2291 1541 2381 simul

233 2453 329 2567 esse,
358 2426 523 2541 autnon
542 2444 648 2556 esse,
679 2444 790 2533 solet.
839 2447 1324 2567 ΧΑεφιε1111111111,
1354 2447 1532 2543 diverso

234 2611 462 2704 eommdem
487 2605 544 2697 ad
563 2610 735 2722 speciem
758 2607 983 2696 locutiones
1004 2608 1267 2720 conciliandi,
1297 2610 1339 2698 81
1359 2611 1531 2726 benigne

235 2767 522 2888 interpretandi
537 2770 745 2873 rationem,
767 2768 939 2854 moribus
960 2773 1057 2856 meis
1074 2771 1251 2883 apprime
1271 2763 1530 2883 conformem,

232 2951 344 3026 tanto
373 2930 571 3016 lubentius
601 2923 842 3013 declaratam
861 2925 978 3014 isthic
997 2928 1127 3037 volui,
1157 2956 1208 3014 ne
1228 2958 1251 3014 a
1272 2957 1469 3046 quoquam
1488 2935 1530 3016 in

233 3091 491 3208 suspicionem
515 3111 657 3188 vocer,
683 3083 864 3198 sugillare
893 3117 958 3173 me
986 3085 1153 3175 voluisse
1182 3088 1292 3201 illos,
1322 3110 1424 3204 quos
1452 3089 1530 3177 hae

205 3310 209 3316 -
234 3253 316 3342 sola
337 3278 387 3335 ex
402 3241 518 3337 'caua
535 3240 705 3353 adduxi,
736 3246 885 3361 quia&
908 3252 1097 3363 praecipui
1129 3245 1214 3335 sunt
1222 3312 1239 3356 ,
1268 3246 1379 3335 &ex
1398 3242 1529 3360 splen·

232 3411 335 3502 dore
362 3409 520 3496 illorum
557 3402 780 3520 splendoris
809 3405 964 3524 aliquid
1001 3407 1039 3494 &
1066 3411 1107 3493 in
1139 3434 1228 3494 anea
1264 3404 1354 3495 haec
1385 3401 1529 3520 scripta

232 3568 456 3662 redundare
478 3562 586 3681 posse
605 3544 836 3679 sperabam(
1053 3558 1055 3563 ’
1148 3595 1155 3603 ·

251 3965 257 3979 .
350 3882 554 3999 Vidimus,
581 3900 625 3972 ut
654 3883 709 3971 de
732 3880 880 3999 spatosa
906 3884 1061 3999 plumbi
1087 3886 1234 3973 minora
1262 3886 1389 3973 locuti
1416 3852 1526 4000 sont,

232 4077 336 4172 quos
364 4053 408 4139 in
434 4041 700 4165 Mineralogia
726 4051 917 4139 maximos
945 4061 1154 4137 veneratur
1175 4045 1304 4137 orbia
1338 4108 1341 4113 <
1367 4040 1527 4136 De'sua

243 4234 246 4239 .
1360 4231 1468 4322 qum·
