3532 4854
254 356 334 436 (οε
577 336 841 426 Pinnem
904 358 1215 447 amatores
1388 350 1419 374 ··
1493 348 1501 427 ζ

248 537 429 648 abiegnis
449 532 849 650 Clagensurtensrbus3
880 538 994 621 initio
1017 527 1206 620 Odobris
1224 539 1363 623 inveni
1385 541 1427 623 in
1451 542 1556 626 c01-'

177 738 181 744 ·
250 697 356 783 libus
382 692 549 806 sylvosrs
581 693 692 809 supra
719 692 898 801 Kesslin,
933 686 1029 776 dein
1061 695 1103 776 in
1127 688 1262 820 ⁴sylvis
1287 713 1378 783 ante
1410 699 1545 788 Ebcn·

250 856 362 957 thal;
384 813 475 941 =tum
495 859 536 940 in
557 851 683 965 sylvis
700 880 827 967 prope
838 826 1090 963 Falkenberg
1110 850 1149 939 8(
1169 848 1340 941 santium
1361 856 1544 946 Primum.

249 1006 555 1128 Speciosrss'nnus
579 1029 686 1141 totus
716 1029 828 1100 extus
858 1002 1116 1125 saturatiffime
1143 1015 1285 1117 ruber,
1315 1018 1453 1128 pileo,
1484 1020 1544 1105 la·
1601 1007 1605 1017 ’

247 1174 379 1261 mellis
391 1241 405 1282 ,
436 1169 580 1286 stipite.
667 1171 737 1259 Sat
768 1171 928 1282 exiguus
969 1161 1094 1281 prima
1135 1174 1189 1301 in·
1208 1190 1350 1283 aetate,
1380 1177 1552 1264 tandem·

23 1362 29 1373 ·
106 1340 115 1358 ‘
250 1334 547 1447 Chantarellum
566 1329 687 1445 ipsum
716 1327 781 1417 seu
811 1329 1090 1443 Capteulinum
1128 1329 1399 1444 magnitudine
1422 1309 1541 1423 exce·

162 1581 166 1591 K
247 1491 342 1604 dit,
373 1492 529 1609 qualem
559 1495 739 1578 nimirum
763 1489 852 1605 post
882 1487 1075 1603 plusculas
1101 1488 1260 1600 pluvias
1290 1494 1333 1576 in
1366 1494 1542 1584 cortibus

188 1680 191 1685 ’
242 1650 279 1744 F
280 1649 651 1764 alkenbergensrbns
671 1652 776 1738 vidi.
833 1649 965 1742 Pileus
994 1675 1216 1756 convexus,
1245 1652 1536 1766 integerrimum

240 1812 409 1925 glaber,
439 1814 580 1896 nitoris
600 1812 641 1898 8(
662 1777 901 1935 νίΐςίάἷὶεῐίῥ
921 1833 1094 1920 crepera,
1125 1804 1361 1920 segmentum
1382 1808 1539 1925 sphaerae

195 1982 198 1986 “
243 1966 491 2085 representat
513 1966 696 2056 diamet'ri
727 1970 801 2082 (in
829 1967 1037 2077 maximis)
1068 1970 1179 2053 unius
1210 1967 1540 2060 semi-alteriusve

243 2131 430 2242 pollicis;
461 2123 632 2215 infantili
651 2133 693 2212 in
713 2102 827 2214 aetate
856 2127 1082 2241 peripheria
1114 2123 1169 2215 ad
1199 2125 1369 2240 stipitem
1391 2134 1536 2222 annulo

88 2355 92 2363 ·
214 2270 427 2379 araneoso
462 2292 686 2374 aurantiaco
726 2282 953 2390 contractu
1003 2285 1204 2399 explicato
1240 2285 1398 2373 demum
1425 2292 1538 2404 pileo

241 2444 360 2563 fugax
396 2448 516 2535 hicce
548 2448 710 2534 annulus
738 2443 966 2556 evanescit,
998 2441 1174 2531 diductis
1194 2452 1318 2558 magis
1333 2455 1536 2567 magisque

150 2678 156 2687 ,
238 2576 431 2696 araneosrs
471 2606 697 2693 filamentis.
784 2602 970 2693 Lamellae
1011 2606 1174 2717 integra
1219 2603 1535 2725 dimidiamque,

238 2764 415 2877 ejusdem
438 2766 558 2878 plane
579 2765 619 2856 8(
640 2760 723 2849 sere
743 2765 961 2851 intensioris
989 2761 1123 2849 adhuc
1148 2764 1310 2851 coloris.
1398 2736 1535 2879 snper

236 2919 495 3009 transversam
515 2924 615 3036 pilei
647 2920 880 3008 diametrum
911 2921 1100 3032 excedit,
1130 2924 1364 3039 aequabilis,
1395 2927 1530 3037 cylin-

237 3053 388 3191 dricus,
416 3074 562 3167 sattius
580 3108 656 3169 nec
678 3066 890 3191 fistulosud,
921 3078 987 3166 sub
1009 3079 1118 3192 pileo
1139 3088 1306 3194 primum
1337 3089 1532 3172 amantia·

152 3354 157 3361 Ι
235 3218 463 3327 co·sericeis
495 3239 574 3327 filis
604 3235 793 3352 praeditus
823 3269 873 3326 ex
913 3238 1132 3328 dilacerato
1168 3240 1352 3330 araneoso
1373 3244 1532 3332 annulo.

233 3399 385 3487 Bulbus
412 3396 561 3485 radicis
579 3400 724 3507 nullus,
754 3426 883 3514 neque
906 3401 1043 3486 volva.
1133 3401 1238 3488 Caro
1260 3407 1414 3489 interna
1430 3406 1533 3515 pilei

81 3622 110 3639 ..
232 3556 452 3673 stipitisque
493 3583 574 3642 non
605 3555 818 3645 admodum
851 3554 1035 3670 copiosa,
1068 3586 1192 3672 eaque
1211 3558 1341 3672 steca,
1371 3564 1526 3651 coloris

231 3716 598 3825 rubro-aurantiaci.
684 3714 854 3803 Vetulus
886 3716 1184 3829 pulchritudine
1218 3725 1327 3806 omni
1356 3727 1528 3833 exuitur,

231 3870 339 3959 triste
359 3872 507 3968 flavere
527 3877 686 3989 incipit,
715 3878 881 3988 pritnum
903 3876 1049 3989 pileus,
1079 3893 1170 3963 tum
1180 3878 1316 3993 stipes,
1348 3878 1445 3970 dein
1467 3883 1527 3971 la·
1602 3926 1605 3932 ·

229 4031 792 4154 mellae5·dertiq11emarasm0
812 4039 965 4147 interit,
995 4062 1077 4125 non
1098 4035 1241 4129 edulia.
1394 4045 1397 4050 ’
1545 4162 1550 4171 ¹

1376 4197 1464 4290 th
1536 4262 1541 4269 -
1586 4240 1591 4247 ·
