3532 4854
527 77 536 141 ,
613 86 616 91 .

243 344 297 415 aa
408 351 415 358 ·
606 307 1163 452 wer-crusmata

229 523 446 638 Scaturigo
476 533 753 643 nonnunquam
787 522 867 639 ipsa
896 537 1006 608 extra
1037 519 1315 611 domunculam
1346 525 1536 643 relinqui-

239 703 318 801 tur,
350 684 420 773 sed
450 702 544 772 tunc
579 686 730 774 canaiis
760 712 899 803 aquarn
928 681 1107 770 inillam
1142 680 1268 772 ducit.

321 997 463 1088 Nuces
495 999 667 1089 serendae
709 1003 759 1087 ab
792 1004 933 1090 arbore
973 1026 1054 1085 non
1091 1000 1388 1114 decerpuntur;
1436 997 1540 1114 sed,
1617 1113 1620 1119 Ι

241 1157 375 1247 donec
403 1158 599 1247 decidant
634 1158 771 1273 sponte
803 1159 881 1272 sua,
913 1159 1139 1277 exspectant
1169 1122 1343 1267 incolae3
1377 1161 1427 1248 fic
1458 1191 1540 1248 ma·

240 1307 483 1406 turatiffimas
510 1320 742 1450 plerumque
773 1323 968 1409 obtinent.
1028 1320 1090 1410 Ut
1119 1325 1329 1436 plurimum
1361 1319 1444 1434 ipso
1467 1319 1540 1407 ad·
1627 1321 1635 1330 '

242 1479 324 1569 huc
353 1497 535 1567 autumno
567 1487 860 1571 committuntur
893 1499 1038 1588 terrae3
1087 1481 1243 1569 srvero
1275 1484 1449 1567 iuveris
1478 1462 1542 1567 us·
1610 1539 1611 1543 κ

243 1668 322 1756 que
352 1639 572 1728 adventum
602 1637 858 1728 adservandae
891 1641 998 1754 srnt,
1044 1643 1254 1729 obruuntur
1288 1667 1406 1726 arena
1438 1607 1543 1726 ficca

242 1801 286 1886 in
324 1801 508 1887 cubiculo
541 1795 757 1914 frigidiori,
787 1811 854 1885 ne'
874 1831 1033 1888 mucore
1061 1801 1321 1887 obducantur.
1408 1799 1543 1911 Expe-

146 1944 155 1963 ‘
243 1962 386 2046 rientia
414 1964 457 2046 in
502 1956 766 2071 Pensylvania
809 1991 858 2050 ac
886 1961 1009 2050 Nova
1037 1959 1211 2061 Cesarea
1245 1959 1400 2068 docuit,
1431 1957 1545 2072 plan·

247 2121 324 2204 tari
356 2121 527 2204 omniurn
559 2125 709 2234 optime
745 2152 794 2209 eo
819 2120 948 2209 statim
980 2123 1093 2231 loco,
1123 2121 1191 2206 ubi
1214 2119 1329 2204 arbor
1359 2113 1441 2231 ipsa
1462 2098 1545 2201 rna-

247 2279 346 2365 ne'r'e
392 2276 527 2389 postea
559 2277 743 2384 debeat;
793 2281 821 2366 sr
865 2286 970 2370 enirn
1015 2277 1269 2367 defodiantur
1296 2280 1464 2389 primum
1505 2277 1549 2358 in

71 2418 77 2427 ¹
249 2434 399 2546 areola,
431 2437 566 2523 aliove
600 2437 713 2546 loco,
744 2454 862 2552 atque
892 2442 964 2530 hic
988 2455 1112 2527 enatae
1136 2437 1321 2552 plantulae
1352 2439 1395 2519 in
1429 2418 1550 2519 aliurn

253 2592 350 2680 dein
378 2594 510 2684 locum
541 2595 889 2708 transplantentur,
919 2601 1150 2715 plerumque
1177 2600 1347 2681 maxima
1377 2620 1468 2705 pars
1490 2578 1551 2679 ar-

120 2793 127 2801 ·
252 2750 493 2839 buscularum
525 2753 674 2865 hyeme
711 2761 890 2868 proxima
928 2760 1143 2866 emoritur,
1199 2756 1383 2871 quamvis
1414 2747 1553 2836 saevior

109 3015 112 3025 Ι
254 2911 327 2997 illa
355 2940 435 2998 non
465 2909 598 3024 fuerit,
630 2912 724 3002 dum
756 2935 888 3002 tamen
921 2917 1008 3003 aliae
1035 2942 1116 3003 non
1146 2915 1440 3029 transplantate
1461 2910 1552 2996 bru·

254 3097 357 3159 mam
392 3066 591 3208 perferunt
620 3074 700 3195 fine
734 3075 818 3162 ullo
842 3074 1011 3164 damno.
1084 3094 1088 3099 “

263 3410 267 3417 ·
342 3386 557 3507 Juglandes
582 3394 729 3502 nigrae,
760 3416 857 3508 quas
893 3391 1037 3479 hicio
1071 3386 1284 3487 Finlandia
1317 3419 1368 3476 ex
1387 3389 1555 3476 nucibus

260 3549 398 3663 eduxi,
428 3552 570 3664 partim
599 3552 641 3634 in
672 3549 791 3636 horto
824 3578 913 3636 meo
940 3540 1046 3637 'intra
1077 3551 1185 3638 urbis
1214 3553 1433 3665 pomoeria,
1463 3574 1554 3659 par·

261 3712 333 3795 tim
364 3716 407 3795 in
439 3709 621 3796 arboreto
644 3705 866 3820 Sipsaliensr
887 3712 1001 3797 cultae
1030 3706 1199 3796 suerunt.
1287 3709 1442 3797 Priores
1472 3733 1554 3791 non

262 3860 370 3953 redte
402 3885 669 3981 vegetatum,
710 3861 829 3985 q‘uurn
860 3887 1027 3981 terram,
1069 3871 1272 3957 humiliori
1303 3871 1398 3955 loco
1429 3862 1554 3971 fitam,
1593 3839 1636 3929 ‘s

263 4030 390 4119 minus
424 4046 610 4115 amarent.
644 4064 649 4069 ·
688 4022 941 4143 Srpsatieu'ses
972 4030 1105 4117 locum
1135 4034 1449 4134 eminentiorem,
1479 4025 1554 4111 hu·

1391 4214 1497 4273 muru

1232 4468 1499 4690 s..

1263 4676 1306 4692 v
