3532 4854
232 349 325 469 406
557 442 561 447 ,
592 346 904 439 Exanunurro
930 345 1169 439 Cnnnrcn

232 581 317 651 non
335 543 515 649 deseslua
540 545 731 661 ponderis
750 552 792 635 in
821 542 979 635 edusiia
1005 548 1090 637 tile
1121 539 1224 663 quid
1248 537 1409 632 innuit?
1437 571 1525 636 uam

236 742 294 803 ex
319 706 650 827 eentumpondio.
670 708 826 823 plumbi
854 705 997 821 spatosr
1026 704 1185 793 obtinui

743 848 908 982 'plumbi
929 869 1055 957 librae
1101 916 1123 937 ·
1177 914 1199 935 ·
1256 882 1329 980 59·
1422 928 1426 933 -

754 1010 1037 1147 squamularum
1102 1078 1124 1099 ·
1180 1076 1202 1095 ·
1287 1049 1331 1118 2·

754 1192 936 1277 materiei
952 1190 1206 1277 colorantis·
1264 1198 1358 1293 lai.

1211 1318 1458 1468 ’ἦῆ
1482 1355 1526 1446 sa

239 1504 420 1603 detestor
447 1526 529 1621 25}
557 1508 780 1615 librarum
808 1536 968 1647 quarum
985 1535 1079 1625 patr
1106 1513 1239 1631 aliqua
1266 1520 1429 1604 omnino
1460 1521 1525 1603 trie

240 1669 401 1773 boanda
430 1665 594 1789 quidem
611 1667 776 1757 videtur
792 1689 1002 1785 augmento
1019 1671 1212 1786 ponderia
1229 1671 1349 1762 solito
1377 1676 1526 1789 plumbi

243 1801 485 1923 calrilormia
511 1827 622 1943 supra
649 1827 772 1944 ipsum
803 1832 1006 1944 plumbum
1032 1835 1298 1941 metallicum,
1339 1829 1412 1921 led
1440 1862 1527 1947 aug·

182 2077 188 2087 ,
244 2006 420 2083 mentum
449 1987 522 2098 hic
545 1985 653 2077 foret
677 1994 854 2081 nimium.
908 1992 971 2080 At
986 2020 1087 2081 vero
1106 1995 1306 2106 poteritne
1323 1988 1529 2082 ilafe-cum

247 2147 424 2239 liabilita
452 2145 567 2276 acidi
591 2146 684 2239 salia
712 2148 936 2261 affinitate,
961 2167 1043 2239 tam
1074 2149 1236 2243 diversa
1262 2178 1351 2240 nnn
1369 2152 1530 2266 plumba

245 2337 414 2426 eumque
430 2315 546 2399 terria
564 2311 773 2417 calcaneis,
799 2303 1187 2428 nquabiliffimailla
1212 2309 1357 2399 solutio
1383 2314 1531 2429 plumbi

236 2454 388 2582 ‘spatolr
405 2474 448 2555 in
467 2471 552 2558 huc
571 2469 690 2559 acido
710 2466 793 2556 stne
810 2472 893 2557 ulla
915 2468 1257 2583 praecipitatione?
1296 2467 1360 2558 Ut
1387 2479 1530 2562 certius

92 2616 95 2621 ⁵
247 2633 292 2717 in
308 2658 392 2747 rem
412 2634 670 2769 inquirerem,¹
695 2627 861 2748 sequena
877 2633 1184 2742 experimentum
1202 2627 1363 2716 institui
1501 2702 1504 2707 .

363 2950 409 3042 In
428 2978 554 3067 parva
578 2943 770 3065 sartagine
792 2945 919 3040 serrea
938 2943 1161 3039 nitidiffima
1188 2948 1243 3037 ad
1262 2948 1533 3041 ebullitionem

254 3108 407 3228 deduai
429 3137 568 3226 aquam
590 3108 840 3200 destillatam.
887 3107 1001 3201 Huic
1019 3126 1118 3198 tunc
1136 3112 1257 3217 injeci
1277 3105 1421 3197 lauant
1449 3141 1532 3231 epr-

250 3275 318 3363 nei
336 3273 482 3386 prioris
510 3272 746 3385 paragraphi
774 3275 999 3387 portionem
1019 3270 1204 3387 aliquam.
1259 3263 1364 3357 Mox
1388 3273 1432 3357 in
1453 3268 1532 3360 lun

255 3431 313 3523 alo
333 3428 535 3546 sartaginis
550 3428 716 3519 crustula
735 3448 849 3520 enata
866 3428 943 3520 luit
958 3428 1154 3519 sordentia
1176 3427 1355 3545 plumbei
1374 3432 1534 3539 coloris

253 3622 330 3710 qua
351 3618 425 3707 per
442 3592 628 3679 laminam
654 3585 820 3679 ferream
849 3589 1007 3702 abrasa,
1036 3618 1145 3679 nova
1172 3555 1413 3682 nasceuitur.
1468 3589 1535 3681 Sic

250 3755 431 3865 perrexi,
464 3746 599 3840 donec
626 3747 770 3862 fundus
794 3746 998 3864 sartaginis
1015 3749 1168 3838 nitidus
1184 3746 1366 3864 perstitit.
1425 3748 1533 3866 Ope-

252 3912 354 3995 ratio
373 3909 462 4001 hrec
482 3910 763 3999 oblulvebatur
782 3914 884 3998 intra
912 3938 1038 4025 pauca
1065 3911 1175 4009 horae
1201 3914 1364 3997 minuta.
1421 3901 1547 3999 lna-⁶

251 4067 416 4186 quidum
435 4063 606 4160 delusum
616 4134 636 4180 ,
660 4096 735 4189 per
760 4067 802 4159 se
826 4064 1157 4187 linrpidillimum,
1184 4064 1379 4160 inllillaui
1407 4070 1548 4166 oleum.

962 4269 965 4273 ·
1334 4233 1481 4322 vinio-
