3532 4854
468 386 472 393 “
631 380 1135 470 ΟΛιικτιιῐΔοΔ.·
1380 405 1535 491 '181
1694 467 1700 476 .

236 600 361 689 neges
388 574 560 663 habere:
609 606 958 711 nequeperperam
980 581 1186 696 loquatur,
1216 586 1285 697 qui
1306 576 1533 680 fenestratas
1677 618 1681 623 ·

236 737 489 853 appellavit,
519 734 624 823 adeo
644 736 929 855 quadrilaterus
950 735 1199 826 feneſtrarum
1230 740 1383 829 tabulas
1402 743 1529 854 plum-

236 897 315 984 beo
344 870 518 1008 marg-ine
546 895 712 985 inclusas¹
741 894 934 1004 referunt,
963 925 1103 1010 campo
1133 899 1271 987 medio
1306 893 1542 992 dilutiffime·

236 1052 411 1145 flavente
439 1052 479 1142 8<
510 1055 753 1169 pellucido,
793 1086 881 1144 curn
911 1056 1145 1171 peripheriae
1178 1048 1310 1174 margo
1340 1057 1529 1153 [unitatur

237 1217 363 1326 magis
389 1212 465 1325 stt,
497 1210 708 1303 obscurior.

849 1526 918 1633 lis·

239 1840 524 1942 inuniunt
550 1846 744 1966 spuonm
771 1824 1051 1962 flavo-euro·
1076 1848 1326 1969 onerosum,
1372 1827 1522 1943 uncus

334 2001 571 2121 fimpsicr'bru'
602 2008 796 2125 quadratis
830 2007 965 2095 etesiis
1000 2008 1250 2139 corfinffme
1286 2013 1522 2101 accumulatis

321 2154 538 2280 ‘dinphunis
567 2165 784 2251 ur'renribru.
843 2154 1045 2259 Tab.'21.
1075 2163 1163 2285 Fig.
1185 2193 1227 2262 2.
1266 2166 1302 2260 F
1303 2171 1451 2286 odina,
1482 2174 1521 2264 8(

345 2328 489 2413 matrix
511 2321 676 2438 eadem,
707 2353 792 2442 quae
817 2328 953 2438 priori.
1293 2356 1297 2367 ·

251 2716 258 2729 .
344 2640 581 2758 Specimen‚
615 2647 686 2733 vel
707 2646 969 2760 Bleybergae,
999 2642 1214 2757 admodum
1245 2673 1383 2735 rerum.
1441 2646 1520 2738 La·

230 2801 358 2889 melle
388 2804 472 2892 hoc
501 2812 542 2894 in
564 2807 712 2920 lapidis
741 2807 911 2893 calcarei
939 2802 1057 2893 srusto
1082 2808 1518 2924 perexiguaepleraeque

232 2958 340 3073 sint,
370 2966 489 3076 paulo
510 2969 718 3075 maioribus
740 2969 828 3053 aliis
847 2971 1002 3074 nnete,
1032 2963 1253 3077 srrnplices,
1284 2962 1509 3080 quadratae,
1535 3086 1538 3093 1

233 3116 399 3235 etesiae,
430 3119 702 3212 conserriffime
723 3127 990 3233 accumulare,
1018 3142 1163 3211 tenerae
1184 3123 1408 3241 quidem&
1430 3150 1517 3236 gra·

228 3282 343 3394 tiles,
373 3252 501 3371 {ninus
522 3275 670 3395 tumen,
702 3313 814 3400 quarn
836 3282 1135 3387 antecedentes,
1153 3300 1292 3394 utpote
1313 3311 1398 3398 quae
1417 3280 1518 3369 cras·

193 3452 197 3457 '
228 3436 395 3527 studine
425 3459 555 3527 tamen
598 3444 779 3557 polleant
803 3443 986 3557 eliqua,
1039 3437 1248 3553 diaphanae
1279 3446 1518 3556 ceteroquin

229 3578 387 3725 somnes,
417 3604 634 3709 micantes,
665 3601 704 3690 8(
726 3629 775 3684 ex
797 3604 926 3685 nitore
946 3597 1254 3711 resplendentes.
1311 3595 1517 3707 Singulare

229 3754 310 3843 illis
329 3755 377 3843 id
409 3756 491 3869 esi,
521 3789 599 3875 quo
620 3758 656 3843 se
684 3787 707 3843 a
724 3760 902 3873 reliquis,
928 3786 1028 3872 quas
1048 3759 1280 3867 Blcybcrgae
1300 3754 1433 3841 adhuc
1453 3763 1517 3844 vi·

230 3912 290 4024 di,
321 3919 581 4013 varietatibus
610 3915 849 4030 distinguunt
871 3917 1074 4019 omnibns,
1105 3913 1215 4031 quod
1235 3911 1360 4000 flavus
1382 3930 1517 4001 curun·
1615 3894 1624 3907 ”

231 4072 320 4163 dem
340 4078 455 4165 color
474 4082 599 4191 magis
618 4076 833 4166 viridescat
855 4074 1018 4191 semper,
1049 4046 1268 4193 magirque,
1298 4073 1431 4160 donec
1449 4075 1517 4159 lae-
1697 4154 1700 4161 .

787 4235 826 4322 Z
859 4262 880 4339 3
1324 4225 1460 4321 tissrnre
1634 4281 1637 4285 ·
