3532 4854
581 345 847 432 Cunna
874 362 1181 433 annania.
1454 324 1540 471 23'7

225 574 312 669 -ῳο
330 541 442 635 loliis
462 540 718 631 radicalibus.
777 539 941 629 Deinde
958 539 1020 627 est
1039 552 1165 633 ramus
1183 540 1342 657 floriger
1360 572 1426 667 'ex
1447 576 1538 639 cau·
1563 626 1567 633 .

230 710 277 796 le
296 712 484 822 princeps
515 704 672 818 aliquis.
731 697 827 805 Hos·
844 730 894 787 ex
913 718 1000 788 toto
1031 696 1147 787 'caule
1166 718 1230 789 tut
1253 704 1347 793 vidi
1366 710 1409 793 in
1432 711 1539 799 culta

230 870 372 985 planta
388 879 566 969 exortos,
595 879 639 946 ut
659 860 748 947 haec
768 887 897 948 aream
920 834 1133 972 occuparet
1154 859 1339 951 diametri
1370 885 1535 987 quantur

232 1022 384 1139 pedum
414 1013 676 1108 densrll'rmam.
764 1016 912 1106 adstat
933 1023 1051 1106 etiam
1068 1013 1161 1102 solii
1181 1022 1339 1130 majoris
1360 1052 1450 1137 pars
1471 1024 1536 1114 di-

232 1182 375 1269 midia.
431 1175 467 1267 ·F
468 1179 589 1264 olium
609 1175 786 1262 radicale
808 1207 858 1262 ex
878 1202 988 1261 novo
1011 1178 1154 1287 juniori
1183 1183 1315 1292 capite
1342 1187 1534 1296 integrunt

234 1339 530 1454 dentatumque.
588 1333 774 1422 Tandem
806 1334 972 1426 ramulus
1003 1328 1264 1451 lrutlescenS,
1295 1340 1339 1431 ἃ
1369 1343 1535 1431 nucleus

232 1498 404 1597 scannia·

345 1817 494 1907 Praeter
527 1786 857 1929 exspetlatiunem
880 1813 994 1902 radix
1022 1820 1066 1903 in
1094 1817 1242 1930 analysr
1261 1816 1442 1907 chemica
1463 1849 1533 1934 pur

233 1975 544 2066 destillationem
567 2005 617 2060 ex
639 1989 802 2083 retorta,
815 1977 935 2087 longe
956 1977 1035 2061 alia
1055 1975 1237 2062 exhibuit
1257 1978 1532 2090 phaenomena,
1641 2012 1643 2017 ·

234 2165 351 2255 quam
369 2136 513 2248 plantae
536 2127 788 2218 crucilonn'es
818 2134 1010 2220 exhibere
1043 2134 1202 2237 solent„
1268 2134 1397 2222 Dedit
1428 2141 1534 2222 enim
1572 2220 1576 2229 ,
1736 2186 1742 2193 ·

227 2294 422 2407 ¹phlegma
441 2289 637 2419 aquosum,
669 2287 841 2401 spiritum
861 2290 1035 2400 acidum,
1067 2294 1198 2377 oleum
1228 2298 1531 2412 empyreumati·

234 2479 349 2555 cruu3
380 2449 528 2561 &post
548 2450 635 2534 haec
657 2444 800 2534 edutla
834 2453 989 2552 omnia,
1018 2454 1060 2533 in
1091 2477 1200 2536 novo
1224 2451 1399 2563 apposito
1421 2454 1529 2538 exci-

232 2610 346 2725 pulo,
376 2636 448 2721 pet
465 2603 703 2722 promebam
723 2604 865 2692 summo
890 2613 981 2718 igne
1003 2613 1302 2718 operationem,
1331 2610 1530 2695 tantillum

232 2756 407 2883 spiritum
428 2768 637 2855 alcalinurn
668 2768 902 2873 volatilem,
928 2771 990 2850 uti
1019 2765 1104 2849 fieri
1138 2767 1219 2849 hoc
1250 2765 1349 2851 solet
1377 2770 1420 2852 in
1442 2767 1532 2851 aliis

232 2926 525 3037 vegetabilibus
548 2923 721 3039 spiritum
746 2921 902 3009 acidum
931 2923 1203 3041 largientibus,
1261 2899 1390 3035 Caput
1426 2953 1531 3010 mor-

231 3099 340 3171 tuum
357 3111 429 3197 per
451 3088 775 3171 incinerationem
808 3085 1004 3170 continuit
1032 3079 1151 3171 saleru
1173 3081 1384 3172 alcalinuru
1407 3111 1530 3197 vege-

233 3241 398 3331 tabilem
417 3240 535 3329 fixum
560 3241 770 3357 copiosum.
1381 3234 1385 3239 ⁵

280 3652 294 3673 ¹,
348 3561 445 3651 Non
463 3556 550 3671 post
559 3556 729 3648 Clusrum
740 3585 842 3683 nunc
861 3562 1025 3671 primurn
1051 3559 1195 3674 plantae
1214 3557 1325 3669 hujus
1342 3562 1529 3683 meritoria
1593 3562 1598 3571 '

229 3736 468 3823 renovatum
499 3719 643 3805 colitur
666 3722 770 3805 enim
792 3721 864 3825 illa
884 3722 958 3828 jam
981 3718 1050 3804 diu
1071 3724 1123 3805 ¹in
1154 3719 1328 3832 pluribus
1358 3712 1546 3830 Europae

231 3880 364 3965 hortis
376 3935 393 3987 ,
420 3875 489 3962 led
520 3874 654 3992 quoad
685 3873 801 3961 sciam
828 3874 894 3962 sub
930 3877 1121 3964 Crambes
1164 3878 1367 3966 orientalis
1397 3878 1528 3963 titulo.

231 4033 300 4123 Est
315 4044 432 4125 certe
449 4033 614 4148 Royeui
637 4034 814 4124 ¹Craurbe
843 4040 1002 4153 quinta3
1032 4040 1091 4124 uti
1118 4051 1297 4152 autoptes
1332 4035 1527 4122 exhorta
1593 4077 1596 4083 ·

1407 4221 1470 4277 rue
