3532 4854
257 362 344 468 356
454 338 1302 447 'onustumque

278 588 285 631 ··
369 554 578 647 Auiiriaca
601 559 726 648 etiam
758 553 900 668 planta
924 553 1005 662 est,
1033 552 1254 675 crescitque
1274 556 1415 672 sponte
1440 563 1551 650 circs

258 702 583 834 oppidumRetu
606 711 739 801 versus
768 687 1018 826 Moraoiem',
1045 719 1118 806 ubi
1135 721 1282 831 primus
1300 720 1548 812 reverertdus

246 875 425 992 Boujard
443 875 617 984 detexit,
637 876 817 994 mihique
838 877 982 1004 amsiit.
1040 873 1212 992 Infipida
1235 896 1322 966 tota
1337 878 1380 970 8(
1397 847 1544 969 inodo·

191 1088 196 1096 ·
242 1069 289 1128 ⁴ro
318 1038 471 1132 caulem
503 1036 626 1126 habet
655 1031 902 1146 fruticosum,
932 1037 1033 1124 duos
1064 1054 1202 1124 tresve
1229 1035 1359 1152 pedes
1395 1041 1545 1147 ultum,

244 1199 441 1302 debilem,
464 1193 705 1312 suprabrsns
721 1201 916 1310 imprimis
948 1224 1077 1284 ramos
1107 1203 1352 1286 emittentem
1373 1203 1545 1318 prostra-

82 1394 85 1399 ·
242 1384 333 1471 tos,
361 1365 531 1472 iuniores
560 1375 672 1446 totos
701 1353 863 1444 foliosos
887 1357 931 1446 8(
963 1355 1289 1446 subtomentosos.
1376 1359 1541 1450 Remuli

241 1524 426 1638 plerique
448 1524 657 1630 eriguntur.
715 1510 749 1601 F
751 1514 833 1601 olis
854 1511 938 1602 sunt
958 1516 1125 1621 alterna,
1155 1513 1540 1604 lineari-lusceola·

241 1701 311 1785 ta,
340 1672 614 1779 acutiuscula,.
635 1677 912 1788 integerrima,
946 1668 1232 1788 subpetiolsts,
1262 1679 1447 1792 utrinque
1475 1692 1540 1765 to-

240 1854 380 1932 mento
404 1833 664 1925 {cabriusct'tlo
689 1835 733 1926 8(
751 1836 961 1922 subineano
990 1831 1146 1921 veffita
1200 1833 1266 1921 Ex
1285 1837 1427 1924 axillis
1447 1867 1537 1951 pro-

246 1997 376 2087 deunt
406 1992 504 2087 folia
530 2000 684 2093 minora
711 1990 948 2084 fascinulam.
1036 1987 1180 2080 Floret
1208 1989 1372 2082 msculi
1399 1972 1539 2086 seffiiet

243 2154 364 2246 denie
382 2172 582 2272 occupant
609 2153 709 2270 ipsas
738 2155 974 2247 summitates
1001 2154 1126 2242 erulis
1153 2181 1352 2251 ternorum
1371 2155 1540 2245 ramulo·

244 2345 431 2435 rumque,
461 2333 504 2404 ut
529 2318 675 2406 breves
707 2315 875 2429 ipimlas
901 2309 1060 2400 ioiiosas
1091 2309 1273 2400 reserant.
1341 2311 1377 2402 F
1376 2320 1538 2404 oeminei

240 2474 344 2567 infra
361 2502 489 2565 mares
505 2480 550 2564 in
569 2475 754 2563 foliorum
775 2472 924 2580 axillis,
948 2473 1068 2586 longa
1096 2469 1211 2583 serie,
1228 2464 1380 2562 seffiles
1403 2483 1538 2590 pauci.

242 2667 320 2756 que
341 2638 579 2751 aggregatim
613 2636 888 2738 locantu13-in
917 2634 1117 2745 principio
1148 2647 1278 2717 autem
1305 2629 1537 2745 asoliorum

240 2795 380 2885 rosuiis
399 2824 500 2910 aegre
521 2790 820 2906 distinguuntur,
840 2792 931 2881 lana
950 2807 1046 2883 tunc
1056 2788 1197 2876 donati
1218 2792 1334 2879 brevi
1353 2794 1394 2882 8(
1411 2794 1534 2909 prefl'e

240 2920 528 3054 ‚eorumbentm
561 2980 644 3069 que
677 2950 832 3043 deinde
860 2944 1044 3065 inotescit
1081 2948 1122 3038 8(
1155 2949 1393 3066 expanditur
1420 2983 1534 3072 quan

237 3119 435 3215 maxime,
466 3127 508 3197 ut
535 3106 620 3197 fere
653 3112 732 3199 hac
765 3111 1029 3197 occultentur-
1051 3113 1247 3227 quamvis·
1272 3111 1383 3197 mole
1418 3109 1531 3201 antii.

242 3264 440 3365 Seminum
466 3296 680 3357 amarorum
696 3272 926 3362 extremitas
947 3259 1102 3354 cr-affior
1123 3220 1184 3353 ex,
1194 3265 1321 3358 viridi
1340 3265 1530 3380 fusoeicit,

235 3431 375 3549 estque
396 3436 437 3517 in
456 3428 555 3517 duas
576 3418 815 3516 sem'iteretes
834 3428 1031 3536 lanseiias',
1058 3421 1204 3513 futuras
1232 3430 1274 3513 in
1293 3425 1444 3517 satione
1462 3459 1526 3519 co·

232 3590 469 3703 tyledones,
494 3587 751 3703 separabilis5
781 3592 1007 3683 extremitas
1037 3590 1212 3698 tenuior,
1241 3584 1368 3676 futuro
1398 3589 1523 3696 radix,

236 3734 430 3866 pallescit.
486 3747 664 3862 Capsulae
691 3751 833 3843 {muna
860 3743 1033 3836 affinitas
1063 3745 1123 3835 est
1146 3774 1236 3861 serm
1262 3745 1416 3856 Salsola
1435 3778 1523 3865 pro·

239 3906 368 3997 strata.
455 3905 595 3997 Floret
624 3907 801 4022 Augusto
834 3906 874 3996 8(
903 3903 1150 4019 Septembti;
1191 3904 1334 3994 semina
1370 3899 1528 4022 perficit

232 4064 409 4171 Ofiobri
438 4065 478 4155 8(
507 4064 745 4162 Novembri.
835 4059 1174 4184 Quandoquidem
1213 4061 1519 4154 frustificationis
1548 4124 1552 4137 ·

394 4278 397 4283 ‹
580 4266 585 4275 ·
1170 4238 1173 4243 '
1220 4266 1226 4271 ·
1367 4227 1461 4313 cha·
