<?xml version="1.0" encoding="UTF-8"?>
<!DOCTYPE html PUBLIC "-//W3C//DTD XHTML 1.0 Transitional//EN"
    "http://www.w3.org/TR/xhtml1/DTD/xhtml1-transitional.dtd">
<html xmlns="http://www.w3.org/1999/xhtml" xml:lang="en" lang="en">
 <head>
  <title>
</title>
<meta http-equiv="Content-Type" content="text/html;charset=utf-8" />
  <meta name='ocr-system' content='tesseract 3.04.00' />
  <meta name='ocr-capabilities' content='ocr_page ocr_carea ocr_par ocr_line ocrx_word'/>
</head>
<body>
  <div class='ocr_page' id='page_1' title='image "./miscellaneaaust00plapgoog_0225.png"; bbox 0 0 3532 4854; ppageno 0'>
   <div class='ocr_carea' id='block_1_1' title="bbox 232 344 1310 455">
    <p class='ocr_par' dir='ltr' id='par_1_1' title="bbox 232 344 1310 455">
     <span class='ocr_line' id='line_1_1' title="bbox 232 344 1310 455; baseline -0.01 -10"><span class='ocrx_word' id='word_1_1' title='bbox 232 369 316 455; x_wconf 69' lang='lat' dir='ltr'><strong>aaa</strong></span> <span class='ocrx_word' id='word_1_2' title='bbox 462 344 719 439; x_wconf 68' lang='lat' dir='ltr'><strong>Mariana</strong></span> <span class='ocrx_word' id='word_1_3' title='bbox 751 372 989 433; x_wconf 75' lang='lat' dir='ltr'><strong>auunar</strong></span> <span class='ocrx_word' id='word_1_4' title='bbox 1031 370 1310 435; x_wconf 80' lang='lat' dir='ltr'><strong>srarosn.</strong></span> 
     </span>
    </p>
   </div>
   <div class='ocr_carea' id='block_1_2' title="bbox 228 527 1597 1149">
    <p class='ocr_par' dir='ltr' id='par_1_2' title="bbox 228 527 1597 1149">
     <span class='ocr_line' id='line_1_2' title="bbox 229 527 1529 673; baseline -0.008 -30"><span class='ocrx_word' id='word_1_5' title='bbox 229 550 477 661; x_wconf 84' lang='lat' dir='ltr'><strong>concludas,</strong></span> <span class='ocrx_word' id='word_1_6' title='bbox 507 548 619 673; x_wconf 85' lang='lat' dir='ltr'><strong>quod</strong></span> <span class='ocrx_word' id='word_1_7' title='bbox 646 544 809 641; x_wconf 88' lang='lat' dir='ltr'><strong>flammae</strong></span> <span class='ocrx_word' id='word_1_8' title='bbox 838 545 970 635; x_wconf 74' lang='lat' dir='ltr'><strong>fistula:</strong></span> <span class='ocrx_word' id='word_1_9' title='bbox 1000 527 1318 637; x_wconf 78' lang='lat' dir='ltr'><strong>lerrumirratoriae</strong></span> <span class='ocrx_word' id='word_1_10' title='bbox 1339 541 1529 663; x_wconf 66' lang='lat' dir='ltr'><strong>subjeila,</strong></span> 
     </span>
     <span class='ocr_line' id='line_1_3' title="bbox 231 680 1532 831; baseline -0.005 -30"><span class='ocrx_word' id='word_1_11' title='bbox 231 685 462 831; x_wconf 78' lang='lat' dir='ltr'><strong>plerumque</strong></span> <span class='ocrx_word' id='word_1_12' title='bbox 486 680 584 824; x_wconf 84' lang='lat' dir='ltr'><strong>spati</strong></span> <span class='ocrx_word' id='word_1_13' title='bbox 611 735 721 795; x_wconf 86' lang='lat' dir='ltr'><strong>more</strong></span> <span class='ocrx_word' id='word_1_14' title='bbox 751 702 957 797; x_wconf 86' lang='lat' dir='ltr'><strong>stridendo</strong></span> <span class='ocrx_word' id='word_1_15' title='bbox 971 700 1159 815; x_wconf 76' lang='lat' dir='ltr'><strong>¹dillrliat&#39;;</strong></span> <span class='ocrx_word' id='word_1_16' title='bbox 1189 725 1298 817; x_wconf 92' lang='lat' dir='ltr'><strong>tum,</strong></span> <span class='ocrx_word' id='word_1_17' title='bbox 1328 707 1447 827; x_wconf 86' lang='lat' dir='ltr'><strong>quod¹</strong></span> <span class='ocrx_word' id='word_1_18' title='bbox 1469 737 1532 795; x_wconf 89' lang='lat' dir='ltr'><strong>re-</strong></span> 
     </span>
     <span class='ocr_line' id='line_1_4' title="bbox 230 863 1530 985; baseline -0.008 -20"><span class='ocrx_word' id='word_1_19' title='bbox 230 895 350 964; x_wconf 87' lang='lat' dir='ltr'><strong>cente</strong></span> <span class='ocrx_word' id='word_1_20' title='bbox 372 866 538 960; x_wconf 68' lang='lat' dir='ltr'><strong>lrallura</strong></span> <span class='ocrx_word' id='word_1_21' title='bbox 555 871 652 957; x_wconf 91' lang='lat' dir='ltr'><strong>hinc</strong></span> <span class='ocrx_word' id='word_1_22' title='bbox 675 894 784 955; x_wconf 88' lang='lat' dir='ltr'><strong>areas</strong></span> <span class='ocrx_word' id='word_1_23' title='bbox 805 871 1013 979; x_wconf 87' lang='lat' dir='ltr'><strong>micantes,</strong></span> <span class='ocrx_word' id='word_1_24' title='bbox 1043 865 1242 955; x_wconf 89' lang='lat' dir='ltr'><strong>interdum</strong></span> <span class='ocrx_word' id='word_1_25' title='bbox 1275 871 1394 953; x_wconf 90' lang='lat' dir='ltr'><strong>etiam</strong></span> <span class='ocrx_word' id='word_1_26' title='bbox 1420 863 1530 985; x_wconf 84' lang='lat' dir='ltr'><strong>squa-</strong></span> 
     </span>
     <span class='ocr_line' id='line_1_5' title="bbox 228 1025 1597 1149; baseline -0.007 -25"><span class='ocrx_word' id='word_1_27' title='bbox 228 1036 578 1140; x_wconf 83' lang='lat' dir='ltr'><strong>masimbrieatas,</strong></span> <span class='ocrx_word' id='word_1_28' title='bbox 607 1031 722 1149; x_wconf 92' lang='lat' dir='ltr'><strong>illinc</strong></span> <span class='ocrx_word' id='word_1_29' title='bbox 743 1056 843 1113; x_wconf 86' lang='lat' dir='ltr'><strong>vero</strong></span> <span class='ocrx_word' id='word_1_30' title='bbox 864 1025 973 1115; x_wconf 86' lang='lat' dir='ltr'><strong>llrias</strong></span> <span class='ocrx_word' id='word_1_31' title='bbox 1011 1032 1300 1141; x_wconf 85' lang='lat' dir='ltr'><strong>approximatas</strong></span> <span class='ocrx_word' id='word_1_32' title='bbox 1320 1026 1534 1140; x_wconf 72' lang='lat' dir='ltr'><strong>parallelas</strong></span> <span class='ocrx_word' id='word_1_33' title='bbox 1591 1112 1597 1125; x_wconf 86' lang='grc'><em>,</em></span> 
     </span>
    </p>
   </div>
   <div class='ocr_carea' id='block_1_3' title="bbox 42 1191 1534 1307">
    <p class='ocr_par' dir='ltr' id='par_1_3' title="bbox 42 1191 1534 1307">
     <span class='ocr_line' id='line_1_6' title="bbox 42 1191 1534 1307; baseline 0.003 -38"><span class='ocrx_word' id='word_1_34' title='bbox 42 1240 45 1244; x_wconf 94' lang='grc'>-</span> <span class='ocrx_word' id='word_1_35' title='bbox 232 1193 400 1307; x_wconf 82' lang='lat' dir='ltr'><strong>detegas</strong></span> <span class='ocrx_word' id='word_1_36' title='bbox 430 1193 631 1305; x_wconf 79' lang='lat' dir='ltr'><strong>plurimae.</strong></span> <span class='ocrx_word' id='word_1_37' title='bbox 718 1191 895 1277; x_wconf 83' lang='lat' dir='ltr'><strong>Autorea</strong></span> <span class='ocrx_word' id='word_1_38' title='bbox 928 1205 1079 1274; x_wconf 90' lang='lat' dir='ltr'><strong>tantum</strong></span> <span class='ocrx_word' id='word_1_39' title='bbox 1104 1216 1186 1273; x_wconf 86' lang='lat' dir='ltr'><strong>non</strong></span> <span class='ocrx_word' id='word_1_40' title='bbox 1221 1213 1373 1297; x_wconf 81' lang='lat' dir='ltr'><strong>omnes,</strong></span> <span class='ocrx_word' id='word_1_41' title='bbox 1390 1191 1534 1307; x_wconf 39' lang='lat' dir='ltr'><strong>,parnis</strong></span> 
     </span>
    </p>
   </div>
   <div class='ocr_carea' id='block_1_4' title="bbox 231 1342 1533 1626">
    <p class='ocr_par' dir='ltr' id='par_1_4' title="bbox 231 1342 1533 1626">
     <span class='ocr_line' id='line_1_7' title="bbox 231 1342 1533 1469; baseline -0.006 -28"><span class='ocrx_word' id='word_1_42' title='bbox 231 1349 384 1469; x_wconf 87' lang='lat' dir='ltr'><strong>prorsus</strong></span> <span class='ocrx_word' id='word_1_43' title='bbox 404 1352 556 1462; x_wconf 76' lang='lat' dir='ltr'>argenti</span> <span class='ocrx_word' id='word_1_44' title='bbox 574 1363 777 1462; x_wconf 87' lang='lat' dir='ltr'><strong>expertem</strong></span> <span class='ocrx_word' id='word_1_45' title='bbox 797 1347 995 1454; x_wconf 79' lang='lat' dir='ltr'><strong>scribunt5</strong></span> <span class='ocrx_word' id='word_1_46' title='bbox 1025 1348 1105 1434; x_wconf 85' lang='lat' dir='ltr'><strong>hac</strong></span> <span class='ocrx_word' id='word_1_47' title='bbox 1127 1346 1180 1434; x_wconf 91' lang='lat' dir='ltr'><strong>de</strong></span> <span class='ocrx_word' id='word_1_48' title='bbox 1195 1343 1306 1442; x_wconf 84' lang='lat' dir='ltr'><strong>eausa</strong></span> <span class='ocrx_word' id='word_1_49' title='bbox 1318 1342 1533 1463; x_wconf 82' lang='lat' dir='ltr'><strong>Cronlled-</strong></span> 
     </span>
     <span class='ocr_line' id='line_1_8' title="bbox 232 1499 1531 1626; baseline -0.007 -25"><span class='ocrx_word' id='word_1_50' title='bbox 232 1530 312 1624; x_wconf 81' lang='lat' dir='ltr'><strong>tua,</strong></span> <span class='ocrx_word' id='word_1_51' title='bbox 343 1527 526 1626; x_wconf 86' lang='lat' dir='ltr'><strong>tanquam</strong></span> <span class='ocrx_word' id='word_1_52' title='bbox 556 1509 712 1623; x_wconf 82' lang='lat' dir='ltr'><strong>plumbi</strong></span> <span class='ocrx_word' id='word_1_53' title='bbox 735 1499 937 1621; x_wconf 65' lang='lat' dir='ltr'><strong>comparili</strong></span> <span class='ocrx_word' id='word_1_54' title='bbox 954 1503 1108 1595; x_wconf 79' lang='lat' dir='ltr'><strong>Limai</strong></span> <span class='ocrx_word' id='word_1_55' title='bbox 1135 1513 1370 1595; x_wconf 82' lang='lat' dir='ltr'><strong>varietatem</strong></span> <span class='ocrx_word' id='word_1_56' title='bbox 1390 1532 1531 1593; x_wconf 89' lang='lat' dir='ltr'><strong>recen·</strong></span> 
     </span>
    </p>
   </div>
   <div class='ocr_carea' id='block_1_5' title="bbox 9 1645 1536 1786">
    <p class='ocr_par' dir='ltr' id='par_1_5' title="bbox 9 1645 1536 1786">
     <span class='ocr_line' id='line_1_9' title="bbox 9 1645 1536 1786; baseline -0.005 -27"><span class='ocrx_word' id='word_1_57' title='bbox 9 1776 16 1786; x_wconf 27' lang='lat'><strong><em>¹</em></strong></span> <span class='ocrx_word' id='word_1_58' title='bbox 111 1645 115 1649; x_wconf 26' lang='lat'>⁵</span> <span class='ocrx_word' id='word_1_59' title='bbox 233 1668 307 1781; x_wconf 84' lang='lat' dir='ltr'><strong>set,</strong></span> <span class='ocrx_word' id='word_1_60' title='bbox 336 1668 550 1760; x_wconf 84' lang='lat' dir='ltr'><strong>&amp;Villaci</strong></span> <span class='ocrx_word' id='word_1_61' title='bbox 569 1673 611 1783; x_wconf 81' lang='lat' dir='ltr'><strong>in</strong></span> <span class='ocrx_word' id='word_1_62' title='bbox 631 1663 791 1781; x_wconf 82' lang='lat' dir='ltr'><strong>Austria</strong></span> <span class='ocrx_word' id='word_1_63' title='bbox 815 1672 1031 1780; x_wconf 88' lang='lat' dir='ltr'><strong>provenire</strong></span> <span class='ocrx_word' id='word_1_64' title='bbox 1057 1669 1203 1784; x_wconf 90' lang='lat' dir='ltr'><strong>inquit,</strong></span> <span class='ocrx_word' id='word_1_65' title='bbox 1234 1696 1319 1784; x_wconf 85' lang='lat' dir='ltr'><strong>quae</strong></span> <span class='ocrx_word' id='word_1_66' title='bbox 1337 1666 1536 1778; x_wconf 85' lang='lat' dir='ltr'><strong>Bleyber·</strong></span> 
     </span>
    </p>
   </div>
   <div class='ocr_carea' id='block_1_6' title="bbox 232 1798 1549 2263">
    <p class='ocr_par' dir='ltr' id='par_1_6' title="bbox 232 1798 1549 2263">
     <span class='ocr_line' id='line_1_10' title="bbox 232 1798 1536 1945; baseline -0.005 -29"><span class='ocrx_word' id='word_1_67' title='bbox 232 1836 356 1945; x_wconf 78' lang='lat' dir='ltr'><strong>gain</strong></span> <span class='ocrx_word' id='word_1_68' title='bbox 385 1828 591 1933; x_wconf 85' lang='lat' dir='ltr'><strong>Carintlria</strong></span> <span class='ocrx_word' id='word_1_69' title='bbox 610 1798 745 1941; x_wconf 86' lang='lat' dir='ltr'><strong>degit:</strong></span> <span class='ocrx_word' id='word_1_70' title='bbox 775 1829 902 1915; x_wconf 83' lang='lat' dir='ltr'><strong>omnia</strong></span> <span class='ocrx_word' id='word_1_71' title='bbox 936 1824 1194 1917; x_wconf 78' lang='lat' dir='ltr'><strong>nibilominus</strong></span> <span class='ocrx_word' id='word_1_72' title='bbox 1213 1829 1367 1940; x_wconf 82' lang='lat' dir='ltr'><strong>argenti</strong></span> <span class='ocrx_word' id='word_1_73' title='bbox 1392 1848 1536 1939; x_wconf 71' lang='lat' dir='ltr'><strong>expers</strong></span> 
     </span>
     <span class='ocr_line' id='line_1_11' title="bbox 233 1983 1549 2117; baseline -0.005 -42"><span class='ocrx_word' id='word_1_74' title='bbox 233 1992 394 2076; x_wconf 89' lang='lat' dir='ltr'><strong>minime</strong></span> <span class='ocrx_word' id='word_1_75' title='bbox 416 1984 487 2095; x_wconf 85' lang='lat' dir='ltr'><strong>est,</strong></span> <span class='ocrx_word' id='word_1_76' title='bbox 516 1983 587 2073; x_wconf 78' lang='lat' dir='ltr'><strong>etsi</strong></span> <span class='ocrx_word' id='word_1_77' title='bbox 606 1984 710 2073; x_wconf 86' lang='lat' dir='ltr'><strong>adeo</strong></span> <span class='ocrx_word' id='word_1_78' title='bbox 731 1990 871 2098; x_wconf 85' lang='lat' dir='ltr'><strong>exigua</strong></span> <span class='ocrx_word' id='word_1_79' title='bbox 891 1984 1068 2117; x_wconf 72' lang='lat' dir='ltr'><strong>eiusdem</strong></span> <span class='ocrx_word' id='word_1_80' title='bbox 1086 1983 1177 2073; x_wconf 79' lang='lat' dir='ltr'><strong>saeta</strong></span> <span class='ocrx_word' id='word_1_81' title='bbox 1196 1989 1431 2103; x_wconf 87' lang='lat' dir='ltr'><strong>quantitate,</strong></span> <span class='ocrx_word' id='word_1_82' title='bbox 1441 1994 1549 2107; x_wconf 65' lang='lat' dir='ltr'><strong>qua&#39;</strong></span> 
     </span>
     <span class='ocr_line' id='line_1_12' title="bbox 234 2137 1540 2263; baseline -0.005 -29"><span class='ocrx_word' id='word_1_83' title='bbox 234 2175 308 2263; x_wconf 90' lang='lat' dir='ltr'><strong>pro</strong></span> <span class='ocrx_word' id='word_1_84' title='bbox 326 2144 434 2233; x_wconf 87' lang='lat' dir='ltr'><strong>nulla</strong></span> <span class='ocrx_word' id='word_1_85' title='bbox 455 2140 614 2231; x_wconf 90' lang='lat' dir='ltr'><strong>demum</strong></span> <span class='ocrx_word' id='word_1_86' title='bbox 632 2144 774 2245; x_wconf 81' lang='lat' dir='ltr'><strong>haberi</strong></span> <span class='ocrx_word' id='word_1_87' title='bbox 801 2137 929 2257; x_wconf 85' lang='lat' dir='ltr'><strong>poffit,</strong></span> <span class='ocrx_word' id='word_1_88' title='bbox 958 2144 998 2233; x_wconf 80' lang='lat' dir='ltr'><strong>dr</strong></span> <span class='ocrx_word' id='word_1_89' title='bbox 1031 2175 1144 2262; x_wconf 86' lang='lat' dir='ltr'><strong>quarn</strong></span> <span class='ocrx_word' id='word_1_90' title='bbox 1165 2152 1266 2263; x_wconf 86' lang='lat' dir='ltr'><strong>vix,</strong></span> <span class='ocrx_word' id='word_1_91' title='bbox 1294 2162 1362 2233; x_wconf 85' lang='lat' dir='ltr'><strong>aut</strong></span> <span class='ocrx_word' id='word_1_92' title='bbox 1382 2170 1436 2231; x_wconf 89' lang='lat' dir='ltr'><strong>ne</strong></span> <span class='ocrx_word' id='word_1_93' title='bbox 1466 2149 1540 2249; x_wconf 69' lang='lat' dir='ltr'><strong>vix</strong></span> 
     </span>
    </p>
   </div>
   <div class='ocr_carea' id='block_1_7' title="bbox 92 2300 1536 2585">
    <p class='ocr_par' dir='ltr' id='par_1_7' title="bbox 92 2300 1536 2585">
     <span class='ocr_line' id='line_1_13' title="bbox 97 2300 1536 2431; baseline 0.005 -41"><span class='ocrx_word' id='word_1_94' title='bbox 97 2400 100 2405; x_wconf 54' lang='grc'><em>,</em></span> <span class='ocrx_word' id='word_1_95' title='bbox 235 2303 399 2424; x_wconf 89' lang='lat' dir='ltr'><strong>quidem</strong></span> <span class='ocrx_word' id='word_1_96' title='bbox 434 2307 630 2393; x_wconf 88' lang='lat' dir='ltr'><strong>communi</strong></span> <span class='ocrx_word' id='word_1_97' title='bbox 652 2300 928 2431; x_wconf 86' lang='lat' dir='ltr'><strong>docimastices</strong></span> <span class='ocrx_word' id='word_1_98' title='bbox 960 2323 1044 2390; x_wconf 88' lang='lat' dir='ltr'><strong>arte</strong></span> <span class='ocrx_word' id='word_1_99' title='bbox 1073 2307 1235 2396; x_wconf 83' lang='lat' dir='ltr'><strong>educas.</strong></span> <span class='ocrx_word' id='word_1_100' title='bbox 1320 2302 1428 2401; x_wconf 91' lang='lat' dir='ltr'><strong>Vidi</strong></span> <span class='ocrx_word' id='word_1_101' title='bbox 1458 2341 1536 2427; x_wconf 88' lang='lat' dir='ltr'><strong>egn</strong></span> 
     </span>
     <span class='ocr_line' id='line_1_14' title="bbox 92 2455 1530 2585; baseline -0.011 -28"><span class='ocrx_word' id='word_1_102' title='bbox 92 2532 104 2557; x_wconf 87' lang='lat'><em>.</em></span> <span class='ocrx_word' id='word_1_103' title='bbox 235 2481 345 2554; x_wconf 85' lang='lat' dir='ltr'><strong>certe</strong></span> <span class='ocrx_word' id='word_1_104' title='bbox 367 2461 448 2577; x_wconf 87' lang='lat' dir='ltr'><strong>ipse</strong></span> <span class='ocrx_word' id='word_1_105' title='bbox 470 2455 704 2551; x_wconf 82' lang='lat' dir='ltr'><strong>mundiffimi</strong></span> <span class='ocrx_word' id='word_1_106' title='bbox 721 2468 874 2576; x_wconf 81' lang='lat' dir='ltr'><strong>argenti</strong></span> <span class='ocrx_word' id='word_1_107' title='bbox 903 2469 1058 2573; x_wconf 84' lang='lat' dir='ltr'><strong>unciam</strong></span> <span class='ocrx_word' id='word_1_108' title='bbox 1089 2495 1220 2578; x_wconf 89' lang='lat' dir='ltr'><strong>unam,</strong></span> <span class='ocrx_word' id='word_1_109' title='bbox 1250 2496 1367 2585; x_wconf 82' lang='lat' dir='ltr'><strong>quam</strong></span> <span class='ocrx_word' id='word_1_110' title='bbox 1386 2470 1530 2571; x_wconf 63' lang='lat' dir='ltr'><strong>lauda.</strong></span> 
     </span>
    </p>
   </div>
   <div class='ocr_carea' id='block_1_8' title="bbox 216 2618 1579 3389">
    <p class='ocr_par' dir='ltr' id='par_1_8' title="bbox 216 2618 1579 3389">
     <span class='ocr_line' id='line_1_15' title="bbox 235 2618 1537 2741; baseline 0.01 -34"><span class='ocrx_word' id='word_1_111' title='bbox 235 2640 297 2733; x_wconf 80' lang='lat' dir='ltr'><strong>rus</strong></span> <span class='ocrx_word' id='word_1_112' title='bbox 318 2619 428 2736; x_wconf 87' lang='lat' dir='ltr'><strong>supra</strong></span> <span class='ocrx_word' id='word_1_113' title='bbox 447 2618 690 2715; x_wconf 85' lang='lat' dir='ltr'><strong>Hanlladiua</strong></span> <span class='ocrx_word' id='word_1_114' title='bbox 722 2646 747 2708; x_wconf 90' lang='lat' dir='ltr'><strong>e</strong></span> <span class='ocrx_word' id='word_1_115' title='bbox 767 2620 920 2711; x_wconf 78' lang='lat' dir='ltr'><strong>residuo</strong></span> <span class='ocrx_word' id='word_1_116' title='bbox 950 2621 1174 2713; x_wconf 87' lang='lat' dir='ltr'><strong>lusoriarum</strong></span> <span class='ocrx_word' id='word_1_117' title='bbox 1206 2624 1408 2717; x_wconf 82' lang='lat' dir='ltr'><strong>fornacum</strong></span> <span class='ocrx_word' id='word_1_118' title='bbox 1426 2627 1537 2741; x_wconf 70' lang='lat' dir='ltr'><strong>soem·</strong></span> 
     </span>
     <span class='ocr_line' id='line_1_16' title="bbox 241 2763 1540 2909; baseline 0.005 -38"><span class='ocrx_word' id='word_1_119' title='bbox 241 2779 458 2900; x_wconf 72' lang='lat' dir='ltr'><strong>[cordaque</strong></span> <span class='ocrx_word' id='word_1_120' title='bbox 479 2784 732 2896; x_wconf 87' lang='lat' dir='ltr'><strong>plurimorum</strong></span> <span class='ocrx_word' id='word_1_121' title='bbox 752 2786 905 2896; x_wconf 86' lang='lat' dir='ltr'><strong>plumbi</strong></span> <span class='ocrx_word' id='word_1_122' title='bbox 924 2783 1031 2873; x_wconf 87' lang='lat' dir='ltr'><strong>istius</strong></span> <span class='ocrx_word' id='word_1_123' title='bbox 1049 2763 1362 2902; x_wconf 86' lang='lat' dir='ltr'><strong>centenariorum</strong></span> <span class='ocrx_word' id='word_1_124' title='bbox 1385 2792 1540 2909; x_wconf 85' lang='lat' dir='ltr'><strong>eliqua·</strong></span> 
     </span>
     <span class='ocr_line' id='line_1_17' title="bbox 216 2928 1537 3063; baseline 0.006 -33"><span class='ocrx_word' id='word_1_125' title='bbox 216 2928 312 3031; x_wconf 72' lang='lat' dir='ltr'><strong>nit.</strong></span> <span class='ocrx_word' id='word_1_126' title='bbox 374 2938 569 3061; x_wconf 83' lang='lat' dir='ltr'><strong>¹Fallitur</strong></span> <span class='ocrx_word' id='word_1_127' title='bbox 601 2945 735 3058; x_wconf 85' lang='lat' dir='ltr'><strong>itaque</strong></span> <span class='ocrx_word' id='word_1_128' title='bbox 771 2943 898 3059; x_wconf 88' lang='lat' dir='ltr'><strong>Vogl,</strong></span> <span class='ocrx_word' id='word_1_129' title='bbox 930 2950 998 3063; x_wconf 85' lang='lat' dir='ltr'><strong>qui</strong></span> <span class='ocrx_word' id='word_1_130' title='bbox 1027 2950 1220 3060; x_wconf 84' lang='lat' dir='ltr'><strong>peculiari</strong></span> <span class='ocrx_word' id='word_1_131' title='bbox 1239 2948 1433 3038; x_wconf 86' lang='lat' dir='ltr'><strong>duntaxat</strong></span> <span class='ocrx_word' id='word_1_132' title='bbox 1452 2978 1537 3037; x_wconf 87' lang='lat' dir='ltr'><strong>me-</strong></span> 
     </span>
     <span class='ocr_line' id='line_1_18' title="bbox 234 3097 1541 3222; baseline 0.014 -33"><span class='ocrx_word' id='word_1_133' title='bbox 234 3098 386 3212; x_wconf 87' lang='lat' dir='ltr'><strong>thodo,</strong></span> <span class='ocrx_word' id='word_1_134' title='bbox 415 3126 498 3191; x_wconf 85' lang='lat' dir='ltr'><strong>non</strong></span> <span class='ocrx_word' id='word_1_135' title='bbox 517 3097 786 3216; x_wconf 80' lang='lat' dir='ltr'><strong>tam-sustonis,</strong></span> <span class='ocrx_word' id='word_1_136' title='bbox 817 3134 934 3222; x_wconf 84' lang='lat' dir='ltr'><strong>quam</strong></span> <span class='ocrx_word' id='word_1_137' title='bbox 951 3112 1108 3219; x_wconf 69' lang='lat' dir='ltr'><strong>praviae</strong></span> <span class='ocrx_word' id='word_1_138' title='bbox 1132 3106 1377 3203; x_wconf 81' lang='lat' dir='ltr'><strong>ustulationis</strong></span> <span class='ocrx_word' id='word_1_139' title='bbox 1405 3115 1454 3201; x_wconf 94' lang='lat' dir='ltr'><strong>id</strong></span> <span class='ocrx_word' id='word_1_140' title='bbox 1473 3125 1541 3207; x_wconf 78' lang='lat' dir='ltr'><strong>tri·</strong></span> 
     </span>
     <span class='ocr_line' id='line_1_19' title="bbox 237 3259 1579 3389; baseline 0.01 -35"><span class='ocrx_word' id='word_1_141' title='bbox 237 3262 359 3354; x_wconf 88' lang='lat' dir='ltr'><strong>buere</strong></span> <span class='ocrx_word' id='word_1_142' title='bbox 381 3259 559 3375; x_wconf 85' lang='lat' dir='ltr'><strong>videtur,</strong></span> <span class='ocrx_word' id='word_1_143' title='bbox 578 3264 701 3380; x_wconf 53' lang='lat' dir='ltr'><strong>⁴quod</strong></span> <span class='ocrx_word' id='word_1_144' title='bbox 730 3266 897 3377; x_wconf 85' lang='lat' dir='ltr'><strong>praesens</strong></span> <span class='ocrx_word' id='word_1_145' title='bbox 925 3272 1005 3359; x_wconf 88' lang='lat' dir='ltr'><strong>hac</strong></span> <span class='ocrx_word' id='word_1_146' title='bbox 1044 3275 1086 3356; x_wconf 90' lang='lat' dir='ltr'><strong>in</strong></span> <span class='ocrx_word' id='word_1_147' title='bbox 1118 3271 1267 3383; x_wconf 81' lang='lat' dir='ltr'><strong>galaena</strong></span> <span class='ocrx_word' id='word_1_148' title='bbox 1295 3270 1540 3389; x_wconf 76' lang='lat' dir='ltr'><strong>dependatur</strong></span> <span class='ocrx_word' id='word_1_149' title='bbox 1575 3278 1579 3285; x_wconf 82' lang='grc'><strong>’</strong></span> 
     </span>
    </p>
   </div>
   <div class='ocr_carea' id='block_1_9' title="bbox 77 3424 1544 3561">
    <p class='ocr_par' dir='ltr' id='par_1_9' title="bbox 77 3424 1544 3561">
     <span class='ocr_line' id='line_1_20' title="bbox 77 3424 1544 3561; baseline 0.014 -55"><span class='ocrx_word' id='word_1_150' title='bbox 77 3430 80 3435; x_wconf 86' lang='grc'><strong>’</strong></span> <span class='ocrx_word' id='word_1_151' title='bbox 169 3448 172 3455; x_wconf 80' lang='grc'><strong>’</strong></span> <span class='ocrx_word' id='word_1_152' title='bbox 237 3440 464 3561; x_wconf 66' lang='lat' dir='ltr'><strong>argentum</strong></span> <span class='ocrx_word' id='word_1_153' title='bbox 491 3453 535 3510; x_wconf 89' lang='lat' dir='ltr'><strong>re</strong></span> <span class='ocrx_word' id='word_1_154' title='bbox 557 3430 662 3513; x_wconf 91' lang='lat' dir='ltr'><strong>enim</strong></span> <span class='ocrx_word' id='word_1_155' title='bbox 684 3453 781 3537; x_wconf 82' lang='lat' dir='ltr'><strong>vera</strong></span> <span class='ocrx_word' id='word_1_156' title='bbox 804 3424 976 3544; x_wconf 88' lang='lat' dir='ltr'><strong>deperdi</strong></span> <span class='ocrx_word' id='word_1_157' title='bbox 996 3427 1146 3545; x_wconf 87' lang='lat' dir='ltr'><strong>semper</strong></span> <span class='ocrx_word' id='word_1_158' title='bbox 1164 3432 1305 3538; x_wconf 88' lang='lat' dir='ltr'><strong>debet,</strong></span> <span class='ocrx_word' id='word_1_159' title='bbox 1334 3433 1544 3551; x_wconf 89' lang='lat' dir='ltr'><strong>quodnon</strong></span> 
     </span>
    </p>
   </div>
   <div class='ocr_carea' id='block_1_10' title="bbox 236 3579 1581 4194">
    <p class='ocr_par' dir='ltr' id='par_1_10' title="bbox 236 3579 1581 4194">
     <span class='ocr_line' id='line_1_21' title="bbox 236 3579 1546 3709; baseline 0.01 -37"><span class='ocrx_word' id='word_1_160' title='bbox 236 3579 307 3672; x_wconf 87' lang='lat' dir='ltr'><strong>nisr</strong></span> <span class='ocrx_word' id='word_1_161' title='bbox 328 3587 371 3671; x_wconf 92' lang='lat' dir='ltr'><strong>in</strong></span> <span class='ocrx_word' id='word_1_162' title='bbox 391 3582 547 3669; x_wconf 73' lang='lat' dir='ltr'><strong>nntilla</strong></span> <span class='ocrx_word' id='word_1_163' title='bbox 579 3590 798 3699; x_wconf 87' lang='lat' dir='ltr'><strong>quantitate</strong></span> <span class='ocrx_word' id='word_1_164' title='bbox 819 3588 953 3678; x_wconf 87' lang='lat' dir='ltr'><strong>eidem</strong></span> <span class='ocrx_word' id='word_1_165' title='bbox 983 3587 1100 3677; x_wconf 86' lang='lat' dir='ltr'><strong>inest..</strong></span> <span class='ocrx_word' id='word_1_166' title='bbox 1155 3587 1298 3709; x_wconf 80' lang='lat' dir='ltr'><strong>Quid?</strong></span> <span class='ocrx_word' id='word_1_167' title='bbox 1329 3592 1443 3709; x_wconf 91' lang='lat' dir='ltr'><strong>quod</strong></span> <span class='ocrx_word' id='word_1_168' title='bbox 1463 3624 1546 3701; x_wconf 84' lang='lat' dir='ltr'><strong>nec¹</strong></span> 
     </span>
     <span class='ocr_line' id='line_1_22' title="bbox 240 3738 1542 3865; baseline 0 -38"><span class='ocrx_word' id='word_1_169' title='bbox 240 3738 506 3854; x_wconf 83' lang='lat' dir='ltr'><strong>Bleybergae,</strong></span> <span class='ocrx_word' id='word_1_170' title='bbox 532 3770 611 3829; x_wconf 89' lang='lat' dir='ltr'><strong>nec</strong></span> <span class='ocrx_word' id='word_1_171' title='bbox 642 3749 685 3833; x_wconf 93' lang='lat' dir='ltr'><strong>in</strong></span> <span class='ocrx_word' id='word_1_172' title='bbox 710 3744 821 3839; x_wconf 82' lang='lat' dir='ltr'><strong>Rabl</strong></span> <span class='ocrx_word' id='word_1_173' title='bbox 853 3749 935 3835; x_wconf 90' lang='lat' dir='ltr'><strong>ulla</strong></span> <span class='ocrx_word' id='word_1_174' title='bbox 963 3745 1102 3840; x_wconf 78' lang='lat' dir='ltr'><strong>fusioni</strong></span> <span class='ocrx_word' id='word_1_175' title='bbox 1120 3756 1376 3865; x_wconf 85' lang='lat' dir='ltr'><strong>praemittatur</strong></span> <span class='ocrx_word' id='word_1_176' title='bbox 1398 3752 1542 3845; x_wconf 64' lang='lat' dir='ltr'><strong>urhun.</strong></span> 
     </span>
     <span class='ocr_line' id='line_1_23' title="bbox 237 3878 1581 4025; baseline 0.013 -38"><span class='ocrx_word' id='word_1_177' title='bbox 237 3901 325 4012; x_wconf 85' lang='lat' dir='ltr'><strong>tio,</strong></span> <span class='ocrx_word' id='word_1_178' title='bbox 355 3892 609 4021; x_wconf 80' lang='lat' dir='ltr'><strong>praeterquam</strong></span> <span class='ocrx_word' id='word_1_179' title='bbox 636 3911 903 4019; x_wconf 81' lang='lat' dir='ltr'><strong>cummineris</strong></span> <span class='ocrx_word' id='word_1_180' title='bbox 927 3878 1083 4023; x_wconf 89' lang='lat' dir='ltr'><strong>plumbi</strong></span> <span class='ocrx_word' id='word_1_181' title='bbox 1111 3908 1292 4025; x_wconf 75' lang='lat' dir='ltr'><strong>galenici</strong></span> <span class='ocrx_word' id='word_1_182' title='bbox 1312 3910 1540 4006; x_wconf 81' lang='lat' dir='ltr'><strong>Strucklia-</strong></span> <span class='ocrx_word' id='word_1_183' title='bbox 1579 3923 1581 3926; x_wconf 79' lang='grc'><strong>’</strong></span> 
     </span>
     <span class='ocr_line' id='line_1_24' title="bbox 236 4060 1539 4194; baseline 0.002 -33"><span class='ocrx_word' id='word_1_184' title='bbox 236 4064 316 4178; x_wconf 72' lang='lat' dir='ltr'><strong>nis,</strong></span> <span class='ocrx_word' id='word_1_185' title='bbox 347 4091 435 4182; x_wconf 84' lang='lat' dir='ltr'><strong>quae</strong></span> <span class='ocrx_word' id='word_1_186' title='bbox 453 4060 546 4154; x_wconf 78' lang='lat' dir='ltr'><strong>sola</strong></span> <span class='ocrx_word' id='word_1_187' title='bbox 562 4069 702 4156; x_wconf 90' lang='lat' dir='ltr'><strong>intime</strong></span> <span class='ocrx_word' id='word_1_188' title='bbox 720 4061 1050 4190; x_wconf 85' lang='lat' dir='ltr'><strong>copiosrlluneque</strong></span> <span class='ocrx_word' id='word_1_189' title='bbox 1070 4075 1201 4161; x_wconf 82' lang='lat' dir='ltr'><strong>mixtae</strong></span> <span class='ocrx_word' id='word_1_190' title='bbox 1227 4070 1313 4164; x_wconf 88' lang='lat' dir='ltr'><strong>lunt</strong></span> <span class='ocrx_word' id='word_1_191' title='bbox 1341 4070 1539 4194; x_wconf 80' lang='lat' dir='ltr'><strong>Pyrirefi·</strong></span> 
     </span>
    </p>
   </div>
   <div class='ocr_carea' id='block_1_11' title="bbox 1343 4256 1482 4353">
    <p class='ocr_par' dir='ltr' id='par_1_11' title="bbox 1343 4256 1482 4353">
     <span class='ocr_line' id='line_1_25' title="bbox 1343 4256 1482 4353; baseline -0.014 -29"><span class='ocrx_word' id='word_1_192' title='bbox 1343 4256 1482 4353; x_wconf 72' lang='lat' dir='ltr'><strong>guture</strong></span> 
     </span>
    </p>
   </div>
   <div class='ocr_carea' id='block_1_12' title="bbox 0 0 1778 4854">
    <p class='ocr_par' dir='ltr' id='par_1_12' title="bbox 0 0 1778 4854">
     <span class='ocr_line' id='line_1_26' title="bbox 0 0 1778 4854; baseline 0 0"><span class='ocrx_word' id='word_1_193' title='bbox 0 0 1778 4854; x_wconf 95' lang='lat' dir='ltr'><strong> </strong></span> 
     </span>
    </p>
   </div>
  </div>
 </body>
</html>
