<?xml version="1.0" encoding="UTF-8"?>
<!DOCTYPE html PUBLIC "-//W3C//DTD XHTML 1.0 Transitional//EN"
    "http://www.w3.org/TR/xhtml1/DTD/xhtml1-transitional.dtd">
<html xmlns="http://www.w3.org/1999/xhtml" xml:lang="en" lang="en">
 <head>
  <title>
</title>
<meta http-equiv="Content-Type" content="text/html;charset=utf-8" />
  <meta name='ocr-system' content='tesseract 3.04.00' />
  <meta name='ocr-capabilities' content='ocr_page ocr_carea ocr_par ocr_line ocrx_word'/>
</head>
<body>
  <div class='ocr_page' id='page_1' title='image "./miscellaneaaust00plapgoog_0023.png"; bbox 0 0 3532 4854; ppageno 0'>
   <div class='ocr_carea' id='block_1_1' title="bbox 166 282 1165 427">
    <p class='ocr_par' dir='ltr' id='par_1_1' title="bbox 166 282 1165 427">
     <span class='ocr_line' id='line_1_1' title="bbox 166 282 1165 427; baseline 0.015 -32"><span class='ocrx_word' id='word_1_1' title='bbox 166 282 169 286; x_wconf 10' lang='grc' dir='ltr'><strong>Δ</strong></span> <span class='ocrx_word' id='word_1_2' title='bbox 258 324 310 406; x_wconf 87' lang='lat'>18</span> <span class='ocrx_word' id='word_1_3' title='bbox 617 306 891 427; x_wconf 67' lang='lat' dir='ltr'>lucanus</span> <span class='ocrx_word' id='word_1_4' title='bbox 951 345 1165 414; x_wconf 75' lang='lat' dir='ltr'>uronn.</span> 
     </span>
    </p>
   </div>
   <div class='ocr_carea' id='block_1_2' title="bbox 115 468 1577 963">
    <p class='ocr_par' dir='ltr' id='par_1_2' title="bbox 115 468 1577 963">
     <span class='ocr_line' id='line_1_2' title="bbox 139 468 1577 643; baseline 0.029 -57"><span class='ocrx_word' id='word_1_5' title='bbox 139 628 145 641; x_wconf 24' lang='grc' dir='ltr'><strong><em>ι</em></strong></span> <span class='ocrx_word' id='word_1_6' title='bbox 193 495 199 505; x_wconf 72' lang='grc'><strong>’</strong></span> <span class='ocrx_word' id='word_1_7' title='bbox 250 500 474 617; x_wconf 86' lang='lat' dir='ltr'>segmenta,</span> <span class='ocrx_word' id='word_1_8' title='bbox 516 472 570 596; x_wconf 72' lang='lat' dir='ltr'>eri</span> <span class='ocrx_word' id='word_1_9' title='bbox 607 512 808 601; x_wconf 79' lang='lat' dir='ltr'>radicibus</span> <span class='ocrx_word' id='word_1_10' title='bbox 838 515 1021 623; x_wconf 79' lang='lat' dir='ltr'>exsciii&#39;a,</span> <span class='ocrx_word' id='word_1_11' title='bbox 1051 524 1092 606; x_wconf 94' lang='lat' dir='ltr'>in</span> <span class='ocrx_word' id='word_1_12' title='bbox 1126 528 1258 611; x_wconf 89' lang='lat' dir='ltr'>antica</span> <span class='ocrx_word' id='word_1_13' title='bbox 1288 468 1577 643; x_wconf 70' lang='lat' dir='ltr'>lupelleiiilis¹</span> 
     </span>
     <span class='ocr_line' id='line_1_3' title="bbox 141 668 1541 806; baseline 0.029 -63"><span class='ocrx_word' id='word_1_14' title='bbox 141 668 145 673; x_wconf 83' lang='lat'>&#39;</span> <span class='ocrx_word' id='word_1_15' title='bbox 248 682 362 774; x_wconf 84' lang='lat' dir='ltr'>parte</span> <span class='ocrx_word' id='word_1_16' title='bbox 390 668 538 756; x_wconf 87' lang='lat' dir='ltr'>locant.</span> <span class='ocrx_word' id='word_1_17' title='bbox 595 671 876 786; x_wconf 86' lang='lat' dir='ltr'>Reperiuntur‚</span> <span class='ocrx_word' id='word_1_18' title='bbox 906 675 977 763; x_wconf 93' lang='lat' dir='ltr'>sed</span> <span class='ocrx_word' id='word_1_19' title='bbox 1003 684 1141 786; x_wconf 86' lang='lat' dir='ltr'>rarius,</span> <span class='ocrx_word' id='word_1_20' title='bbox 1172 689 1333 798; x_wconf 73' lang='lat' dir='ltr'>integrae</span> <span class='ocrx_word' id='word_1_21' title='bbox 1366 694 1541 806; x_wconf 83' lang='lat' dir='ltr'>arbores,</span> 
     </span>
     <span class='ocr_line' id='line_1_4' title="bbox 115 828 1542 963; baseline 0.029 -62"><span class='ocrx_word' id='word_1_22' title='bbox 115 845 119 859; x_wconf 91' lang='grc'><em>·</em></span> <span class='ocrx_word' id='word_1_23' title='bbox 184 832 188 837; x_wconf 87' lang='grc'><strong>’</strong></span> <span class='ocrx_word' id='word_1_24' title='bbox 249 832 347 935; x_wconf 84' lang='lat' dir='ltr'>quae&#39;</span> <span class='ocrx_word' id='word_1_25' title='bbox 366 828 408 912; x_wconf 92' lang='lat' dir='ltr'>in</span> <span class='ocrx_word' id='word_1_26' title='bbox 440 830 591 919; x_wconf 85' lang='lat' dir='ltr'>tabulas</span> <span class='ocrx_word' id='word_1_27' title='bbox 638 831 799 922; x_wconf 77' lang='lat' dir='ltr'>disciffae</span> <span class='ocrx_word' id='word_1_28' title='bbox 839 835 1135 955; x_wconf 80' lang='lat' dir='ltr'>dolabrataeque</span> <span class='ocrx_word' id='word_1_29' title='bbox 1165 844 1341 932; x_wconf 89' lang='lat' dir='ltr'>colorem</span> <span class='ocrx_word' id='word_1_30' title='bbox 1374 853 1542 963; x_wconf 86' lang='lat' dir='ltr'><strong>pulchre</strong></span> 
     </span>
    </p>
   </div>
   <div class='ocr_carea' id='block_1_3' title="bbox 214 973 1538 1238">
    <p class='ocr_par' dir='ltr' id='par_1_3' title="bbox 214 973 1538 1238">
     <span class='ocr_line' id='line_1_5' title="bbox 245 973 1538 1124; baseline 0.026 -58"><span class='ocrx_word' id='word_1_31' title='bbox 245 973 404 1091; x_wconf 78' lang='lat' dir='ltr'>fuscum,</span> <span class='ocrx_word' id='word_1_32' title='bbox 435 995 598 1078; x_wconf 85' lang='lat' dir='ltr'>maculis</span> <span class='ocrx_word' id='word_1_33' title='bbox 629 998 750 1107; x_wconf 88' lang='lat' dir='ltr'>nigris</span> <span class='ocrx_word' id='word_1_34' title='bbox 780 990 912 1110; x_wconf 83' lang='lat' dir='ltr'>paffim</span> <span class='ocrx_word' id='word_1_35' title='bbox 944 1017 1120 1087; x_wconf 86' lang='lat' dir='ltr'>notatum</span> <span class='ocrx_word' id='word_1_36' title='bbox 1133 1065 1149 1113; x_wconf 89' lang='lat'><strong>,</strong></span> <span class='ocrx_word' id='word_1_37' title='bbox 1180 1005 1353 1118; x_wconf 79' lang='lat' dir='ltr'><strong>eleganti</strong></span> <span class='ocrx_word' id='word_1_38' title='bbox 1390 1008 1538 1124; x_wconf 74' lang='lat' dir='ltr'>speiia-</span> 
     </span>
     <span class='ocr_line' id='line_1_6' title="bbox 214 1136 1250 1238; baseline 0.035 -16"><span class='ocrx_word' id='word_1_39' title='bbox 214 1136 334 1228; x_wconf 65' lang='lat' dir='ltr'>&#39;nalo</span> <span class='ocrx_word' id='word_1_40' title='bbox 368 1148 573 1238; x_wconf 85' lang='lat' dir='ltr'><strong>exhibent.</strong></span> <span class='ocrx_word' id='word_1_41' title='bbox 1248 1180 1250 1184; x_wconf 80' lang='grc'><strong>’</strong></span> 
     </span>
    </p>
   </div>
   <div class='ocr_carea' id='block_1_4' title="bbox 42 1438 1624 3671">
    <p class='ocr_par' dir='ltr' id='par_1_4' title="bbox 42 1438 1624 2408">
     <span class='ocr_line' id='line_1_7' title="bbox 42 1438 1534 1587; baseline 0.009 -27"><span class='ocrx_word' id='word_1_42' title='bbox 42 1438 46 1446; x_wconf 32' lang='grc'>’</span> <span class='ocrx_word' id='word_1_43' title='bbox 118 1449 121 1457; x_wconf 42' lang='grc'><strong><em>’</em></strong></span> <span class='ocrx_word' id='word_1_44' title='bbox 226 1510 284 1573; x_wconf 76' lang='lat'>.·&#39;</span> <span class='ocrx_word' id='word_1_45' title='bbox 326 1470 394 1561; x_wconf 95' lang='lat' dir='ltr'>Ob</span> <span class='ocrx_word' id='word_1_46' title='bbox 428 1472 591 1561; x_wconf 87' lang='lat' dir='ltr'>colores.</span> <span class='ocrx_word' id='word_1_47' title='bbox 619 1472 697 1561; x_wconf 79' lang='lat' dir='ltr'>hos</span> <span class='ocrx_word' id='word_1_48' title='bbox 727 1471 832 1587; x_wconf 87' lang='lat' dir='ltr'>ipsos</span> <span class='ocrx_word' id='word_1_49' title='bbox 872 1473 994 1567; x_wconf 82' lang='lat' dir='ltr'>fabris</span> <span class='ocrx_word' id='word_1_50' title='bbox 1033 1480 1252 1564; x_wconf 89' lang='lat' dir='ltr'>minutariis</span> <span class='ocrx_word' id='word_1_51' title='bbox 1282 1508 1330 1566; x_wconf 82' lang='lat' dir='ltr'>ac</span> <span class='ocrx_word' id='word_1_52' title='bbox 1357 1498 1534 1572; x_wconf 86' lang='lat' dir='ltr'>tornato·</span> 
     </span>
     <span class='ocr_line' id='line_1_8' title="bbox 225 1600 1533 1751; baseline 0.011 -32"><span class='ocrx_word' id='word_1_53' title='bbox 225 1631 343 1719; x_wconf 78' lang='lat' dir='ltr'>··ribus</span> <span class='ocrx_word' id='word_1_54' title='bbox 372 1637 570 1721; x_wconf 85' lang='lat' dir='ltr'>Americae</span> <span class='ocrx_word' id='word_1_55' title='bbox 604 1600 1108 1748; x_wconf 61' lang='lat' dir='ltr'>septentrionalis³Juglans</span> <span class='ocrx_word' id='word_1_56' title='bbox 1145 1643 1257 1750; x_wconf 85' lang='lat' dir='ltr'>nigra</span> <span class='ocrx_word' id='word_1_57' title='bbox 1291 1643 1459 1751; x_wconf 89' lang='lat' dir='ltr'>plurimo</span> <span class='ocrx_word' id='word_1_58' title='bbox 1491 1653 1533 1733; x_wconf 90' lang='lat' dir='ltr'>in</span> 
     </span>
     <span class='ocr_line' id='line_1_9' title="bbox 233 1762 1530 1911; baseline 0.005 -28"><span class='ocrx_word' id='word_1_59' title='bbox 233 1762 363 1910; x_wconf 86' lang='lat' dir='ltr'>pretio</span> <span class='ocrx_word' id='word_1_60' title='bbox 397 1793 473 1898; x_wconf 50' lang='lat' dir='ltr'>esty</span> <span class='ocrx_word' id='word_1_61' title='bbox 496 1793 600 1880; x_wconf 86' lang='lat' dir='ltr'>adeo</span> <span class='ocrx_word' id='word_1_62' title='bbox 632 1812 711 1903; x_wconf 89' lang='lat' dir='ltr'>ut,</span> <span class='ocrx_word' id='word_1_63' title='bbox 742 1822 822 1881; x_wconf 91' lang='lat' dir='ltr'>non</span> <span class='ocrx_word' id='word_1_64' title='bbox 853 1791 975 1881; x_wconf 91' lang='lat' dir='ltr'>solum</span> <span class='ocrx_word' id='word_1_65' title='bbox 1003 1793 1188 1910; x_wconf 83' lang='lat' dir='ltr'>Juglandi</span> <span class='ocrx_word' id='word_1_66' title='bbox 1217 1805 1360 1911; x_wconf 85' lang='lat' dir='ltr'>regiae,</span> <span class='ocrx_word' id='word_1_67' title='bbox 1390 1799 1530 1892; x_wconf 78' lang='lat' dir='ltr'>sed&amp;</span> 
     </span>
     <span class='ocr_line' id='line_1_10' title="bbox 232 1944 1624 2072; baseline 0.005 -30"><span class='ocrx_word' id='word_1_68' title='bbox 232 1960 413 2044; x_wconf 90' lang='lat' dir='ltr'>omnibus</span> <span class='ocrx_word' id='word_1_69' title='bbox 442 1944 506 2041; x_wconf 83' lang='lat' dir='ltr'>&#39;ibi</span> <span class='ocrx_word' id='word_1_70' title='bbox 538 1955 630 2064; x_wconf 85' lang='lat' dir='ltr'>loci</span> <span class='ocrx_word' id='word_1_71' title='bbox 652 1951 790 2067; x_wconf 89' lang='lat' dir='ltr'>sponte</span> <span class='ocrx_word' id='word_1_72' title='bbox 830 1951 1078 2043; x_wconf 83' lang='lat' dir='ltr'>nascentibus</span> <span class='ocrx_word' id='word_1_73' title='bbox 1110 1959 1315 2045; x_wconf 81' lang='lat' dir='ltr'><strong>arboribus</strong></span> <span class='ocrx_word' id='word_1_74' title='bbox 1348 1958 1529 2072; x_wconf 80' lang='lat' dir='ltr'>praesera·</span> <span class='ocrx_word' id='word_1_75' title='bbox 1621 1974 1624 1979; x_wconf 85' lang='grc'><strong>’</strong></span> 
     </span>
     <span class='ocr_line' id='line_1_11' title="bbox 231 2117 1528 2234; baseline 0.005 -32"><span class='ocrx_word' id='word_1_76' title='bbox 231 2133 318 2226; x_wconf 79' lang='lat' dir='ltr'>tur,</span> <span class='ocrx_word' id='word_1_77' title='bbox 350 2117 431 2205; x_wconf 88' lang='lat' dir='ltr'>sola</span> <span class='ocrx_word' id='word_1_78' title='bbox 460 2135 590 2202; x_wconf 85' lang='lat' dir='ltr'>tamen</span> <span class='ocrx_word' id='word_1_79' title='bbox 622 2132 792 2226; x_wconf 86' lang='lat' dir='ltr'>excepta</span> <span class='ocrx_word' id='word_1_80' title='bbox 818 2141 942 2226; x_wconf 89' lang='lat' dir='ltr'>pruno</span> <span class='ocrx_word' id='word_1_81' title='bbox 974 2121 1220 2229; x_wconf 86' lang='lat' dir='ltr'>virginiana,</span> <span class='ocrx_word' id='word_1_82' title='bbox 1252 2148 1349 2234; x_wconf 78' lang='lat' dir='ltr'>quae-</span> <span class='ocrx_word' id='word_1_83' title='bbox 1379 2124 1421 2206; x_wconf 94' lang='lat' dir='ltr'>in</span> <span class='ocrx_word' id='word_1_84' title='bbox 1462 2150 1528 2208; x_wconf 89' lang='lat' dir='ltr'>ea·</span> 
     </span>
     <span class='ocr_line' id='line_1_12' title="bbox 231 2265 1525 2408; baseline 0.005 -47"><span class='ocrx_word' id='word_1_85' title='bbox 231 2273 341 2386; x_wconf 85' lang='lat' dir='ltr'>dem,</span> <span class='ocrx_word' id='word_1_86' title='bbox 370 2279 440 2362; x_wconf 88' lang='lat' dir='ltr'>vel</span> <span class='ocrx_word' id='word_1_87' title='bbox 469 2302 745 2390; x_wconf 87' lang='lat' dir='ltr'>nonnunquam</span> <span class='ocrx_word' id='word_1_88' title='bbox 774 2280 816 2359; x_wconf 92' lang='lat' dir='ltr'>in</span> <span class='ocrx_word' id='word_1_89' title='bbox 842 2277 1003 2385; x_wconf 73' lang='lat' dir='ltr'>majore,</span> <span class='ocrx_word' id='word_1_90' title='bbox 1033 2274 1285 2408; x_wconf 67' lang='lat' dir='ltr'>aestimatione</span> <span class='ocrx_word' id='word_1_91' title='bbox 1310 2275 1377 2364; x_wconf 88' lang='lat' dir='ltr'>est.</span> <span class='ocrx_word' id='word_1_92' title='bbox 1437 2265 1525 2368; x_wconf 82' lang='lat' dir='ltr'>Ve-</span> 
     </span>
    </p>

    <p class='ocr_par' dir='ltr' id='par_1_5' title="bbox 69 2427 1526 3671">
     <span class='ocr_line' id='line_1_13' title="bbox 173 2427 1526 2550; baseline 0.004 -32"><span class='ocrx_word' id='word_1_93' title='bbox 173 2427 177 2441; x_wconf 78' lang='grc'><strong>’</strong></span> <span class='ocrx_word' id='word_1_94' title='bbox 227 2428 393 2520; x_wconf 80' lang='lat' dir='ltr'>manni</span> <span class='ocrx_word' id='word_1_95' title='bbox 437 2454 547 2543; x_wconf 77' lang='lat'>1752</span> <span class='ocrx_word' id='word_1_96' title='bbox 590 2437 789 2519; x_wconf 86' lang='lat' dir='ltr'>minutarii</span> <span class='ocrx_word' id='word_1_97' title='bbox 825 2433 1197 2550; x_wconf 86' lang='lat' dir='ltr'>Philadelphienses</span> <span class='ocrx_word' id='word_1_98' title='bbox 1238 2465 1262 2522; x_wconf 83' lang='lat' dir='ltr'>a</span> <span class='ocrx_word' id='word_1_99' title='bbox 1296 2460 1351 2547; x_wconf 80' lang='grc'>14</span> <span class='ocrx_word' id='word_1_100' title='bbox 1378 2436 1433 2523; x_wconf 88' lang='lat' dir='ltr'>ad</span> <span class='ocrx_word' id='word_1_101' title='bbox 1467 2464 1526 2533; x_wconf 92' lang='grc' dir='ltr'>2ο</span> 
     </span>
     <span class='ocr_line' id='line_1_14' title="bbox 228 2590 1523 2709; baseline 0.005 -28"><span class='ocrx_word' id='word_1_102' title='bbox 228 2590 406 2707; x_wconf 83' lang='lat' dir='ltr'>Shilling</span> <span class='ocrx_word' id='word_1_103' title='bbox 438 2612 604 2681; x_wconf 85' lang='lat' dir='ltr'>monetae</span> <span class='ocrx_word' id='word_1_104' title='bbox 634 2590 931 2706; x_wconf 82' lang='lat' dir='ltr'>Pensylvanicae</span> <span class='ocrx_word' id='word_1_105' title='bbox 960 2622 1033 2706; x_wconf 89' lang='lat' dir='ltr'>pro</span> <span class='ocrx_word' id='word_1_106' title='bbox 1071 2620 1158 2686; x_wconf 91' lang='lat'>100</span> <span class='ocrx_word' id='word_1_107' title='bbox 1193 2593 1289 2706; x_wconf 91' lang='lat' dir='ltr'>ped.</span> <span class='ocrx_word' id='word_1_108' title='bbox 1317 2592 1523 2709; x_wconf 86' lang='lat' dir='ltr'>Juglandis</span> 
     </span>
     <span class='ocr_line' id='line_1_15' title="bbox 229 2752 1519 2869; baseline 0.002 -28.86"><span class='ocrx_word' id='word_1_109' title='bbox 229 2760 378 2867; x_wconf 72' lang='lat' dir='ltr'>nigrae,</span> <span class='ocrx_word' id='word_1_110' title='bbox 417 2757 457 2844; x_wconf 85' lang='lat'>&amp;</span> <span class='ocrx_word' id='word_1_111' title='bbox 492 2787 514 2843; x_wconf 89' lang='lat' dir='ltr'>a</span> <span class='ocrx_word' id='word_1_112' title='bbox 561 2781 622 2868; x_wconf 77' lang='lat'>14·</span> <span class='ocrx_word' id='word_1_113' title='bbox 645 2757 698 2839; x_wconf 86' lang='lat' dir='ltr'>ad</span> <span class='ocrx_word' id='word_1_114' title='bbox 732 2779 785 2845; x_wconf 86' lang='lat'>22</span> <span class='ocrx_word' id='word_1_115' title='bbox 829 2752 1005 2863; x_wconf 84' lang='lat' dir='ltr'>Shilling</span> <span class='ocrx_word' id='word_1_116' title='bbox 1047 2781 1118 2863; x_wconf 91' lang='lat' dir='ltr'>pro</span> <span class='ocrx_word' id='word_1_117' title='bbox 1164 2757 1304 2869; x_wconf 84' lang='lat' dir='ltr'>aequali</span> <span class='ocrx_word' id='word_1_118' title='bbox 1334 2759 1519 2867; x_wconf 85' lang='lat' dir='ltr'>portione</span> 
     </span>
     <span class='ocr_line' id='line_1_16' title="bbox 227 2907 1518 3030; baseline 0.003 -32"><span class='ocrx_word' id='word_1_119' title='bbox 227 2921 341 3027; x_wconf 90' lang='lat' dir='ltr'>pruni</span> <span class='ocrx_word' id='word_1_120' title='bbox 371 2921 602 3028; x_wconf 71' lang='lat' dir='ltr'>virginiana</span> <span class='ocrx_word' id='word_1_121' title='bbox 631 2917 844 2998; x_wconf 87' lang='lat' dir='ltr'>solverunt.</span> <span class='ocrx_word' id='word_1_122' title='bbox 934 2912 1093 2999; x_wconf 87' lang='lat' dir='ltr'>Pluteos</span> <span class='ocrx_word' id='word_1_123' title='bbox 1121 2907 1345 3023; x_wconf 86' lang='lat' dir='ltr'>scriptorius</span> <span class='ocrx_word' id='word_1_124' title='bbox 1376 2944 1425 3000; x_wconf 90' lang='lat' dir='ltr'>ex</span> <span class='ocrx_word' id='word_1_125' title='bbox 1454 2913 1518 3030; x_wconf 90' lang='lat' dir='ltr'>Ju-</span> 
     </span>
     <span class='ocr_line' id='line_1_17' title="bbox 223 3067 1518 3186; baseline 0.004 -30"><span class='ocrx_word' id='word_1_126' title='bbox 223 3071 371 3184; x_wconf 86' lang='lat' dir='ltr'>glande</span> <span class='ocrx_word' id='word_1_127' title='bbox 404 3079 516 3186; x_wconf 83' lang='lat' dir='ltr'>nigra</span> <span class='ocrx_word' id='word_1_128' title='bbox 535 3067 785 3182; x_wconf 70' lang='lat' dir='ltr'>fabrefaiius⁹</span> <span class='ocrx_word' id='word_1_129' title='bbox 815 3071 911 3181; x_wconf 86' lang='lat' dir='ltr'>sera,</span> <span class='ocrx_word' id='word_1_130' title='bbox 942 3069 1172 3179; x_wconf 70' lang='lat' dir='ltr'>braiieolis,</span> <span class='ocrx_word' id='word_1_131' title='bbox 1203 3073 1414 3158; x_wconf 86' lang='lat' dir='ltr'>manubriis</span> <span class='ocrx_word' id='word_1_132' title='bbox 1438 3080 1518 3183; x_wconf 91' lang='lat' dir='ltr'>ori·</span> 
     </span>
     <span class='ocr_line' id='line_1_18' title="bbox 211 3228 1515 3353; baseline -0.003 -36"><span class='ocrx_word' id='word_1_133' title='bbox 211 3232 426 3353; x_wconf 22' lang='lat' dir='ltr'>..chalceis‚</span> <span class='ocrx_word' id='word_1_134' title='bbox 463 3239 726 3352; x_wconf 87' lang='lat' dir='ltr'>omnibusque</span> <span class='ocrx_word' id='word_1_135' title='bbox 758 3236 915 3321; x_wconf 88' lang='lat' dir='ltr'>demum</span> <span class='ocrx_word' id='word_1_136' title='bbox 954 3236 1070 3321; x_wconf 87' lang='lat' dir='ltr'>rebus</span> <span class='ocrx_word' id='word_1_137' title='bbox 1116 3228 1338 3321; x_wconf 79' lang='lat' dir='ltr'>neceiiariis</span> <span class='ocrx_word' id='word_1_138' title='bbox 1379 3234 1515 3320; x_wconf 83' lang='lat' dir='ltr'>iniim-</span> 
     </span>
     <span class='ocr_line' id='line_1_19' title="bbox 69 3387 1514 3521; baseline 0.004 -44"><span class='ocrx_word' id='word_1_139' title='bbox 69 3444 84 3521; x_wconf 52' lang='grc' dir='ltr'><strong><em>ς</em></strong></span> <span class='ocrx_word' id='word_1_140' title='bbox 221 3387 322 3501; x_wconf 73' lang='lat' dir='ltr'>tius,</span> <span class='ocrx_word' id='word_1_141' title='bbox 354 3424 456 3480; x_wconf 84' lang='lat' dir='ltr'>anno</span> <span class='ocrx_word' id='word_1_142' title='bbox 492 3416 599 3505; x_wconf 82' lang='lat'>1751</span> <span class='ocrx_word' id='word_1_143' title='bbox 623 3394 786 3510; x_wconf 79' lang='lat' dir='ltr'>septem,</span> <span class='ocrx_word' id='word_1_144' title='bbox 805 3391 925 3504; x_wconf 71' lang='lat' dir='ltr'>mito,</span> <span class='ocrx_word' id='word_1_145' title='bbox 956 3424 1119 3506; x_wconf 86' lang='lat' dir='ltr'>novem,</span> <span class='ocrx_word' id='word_1_146' title='bbox 1153 3416 1218 3482; x_wconf 89' lang='lat' dir='ltr'>aut</span> <span class='ocrx_word' id='word_1_147' title='bbox 1238 3393 1379 3481; x_wconf 86' lang='lat' dir='ltr'>decem</span> <span class='ocrx_word' id='word_1_148' title='bbox 1400 3394 1514 3483; x_wconf 86' lang='lat' dir='ltr'>libris</span> 
     </span>
     <span class='ocr_line' id='line_1_20' title="bbox 73 3553 1509 3671; baseline 0.004 -34"><span class='ocrx_word' id='word_1_149' title='bbox 73 3570 78 3578; x_wconf 85' lang='grc'><em>“</em></span> <span class='ocrx_word' id='word_1_150' title='bbox 216 3572 382 3638; x_wconf 84' lang='lat' dir='ltr'>monetae</span> <span class='ocrx_word' id='word_1_151' title='bbox 413 3553 710 3669; x_wconf 85' lang='lat' dir='ltr'>Pensylvanicae</span> <span class='ocrx_word' id='word_1_152' title='bbox 750 3558 940 3643; x_wconf 87' lang='lat' dir='ltr'>veniebat</span> <span class='ocrx_word' id='word_1_153' title='bbox 957 3585 974 3671; x_wconf 80' lang='grc'>;1</span> <span class='ocrx_word' id='word_1_154' title='bbox 1009 3561 1177 3670; x_wconf 84' lang='lat' dir='ltr'>pretium</span> <span class='ocrx_word' id='word_1_155' title='bbox 1212 3560 1453 3647; x_wconf 88' lang='lat' dir='ltr'>communius</span> <span class='ocrx_word' id='word_1_156' title='bbox 1485 3577 1509 3656; x_wconf 84' lang='lat'>8</span> 
     </span>
    </p>
   </div>
   <div class='ocr_carea' id='block_1_5' title="bbox 169 3716 1548 3962">
    <p class='ocr_par' dir='ltr' id='par_1_6' title="bbox 169 3716 1548 3962">
     <span class='ocr_line' id='line_1_21' title="bbox 169 3716 779 3853; baseline 0.028 -61"><span class='ocrx_word' id='word_1_157' title='bbox 169 3844 175 3853; x_wconf 70' lang='lat'><em>,</em></span> <span class='ocrx_word' id='word_1_158' title='bbox 216 3727 283 3798; x_wconf 81' lang='lat' dir='ltr'>aut</span> <span class='ocrx_word' id='word_1_159' title='bbox 313 3738 341 3821; x_wconf 88' lang='lat'>9</span> <span class='ocrx_word' id='word_1_160' title='bbox 374 3716 560 3802; x_wconf 85' lang='lat' dir='ltr'>librarum</span> <span class='ocrx_word' id='word_1_161' title='bbox 589 3732 685 3803; x_wconf 89' lang='lat' dir='ltr'>erat.</span> <span class='ocrx_word' id='word_1_162' title='bbox 715 3717 779 3828; x_wconf 77' lang='lat'>(*)</span> 
     </span>
     <span class='ocr_line' id='line_1_22' title="bbox 634 3875 1548 3962; baseline 0.066 -52"><span class='ocrx_word' id='word_1_163' title='bbox 634 3878 637 3885; x_wconf 87' lang='lat'><em>·</em></span> <span class='ocrx_word' id='word_1_164' title='bbox 1168 3897 1172 3904; x_wconf 94' lang='lat'><em>·</em></span> <span class='ocrx_word' id='word_1_165' title='bbox 1257 3924 1260 3931; x_wconf 89' lang='lat'>·</span> <span class='ocrx_word' id='word_1_166' title='bbox 1364 3875 1451 3962; x_wconf 85' lang='lat' dir='ltr'>Ex·</span> <span class='ocrx_word' id='word_1_167' title='bbox 1546 3925 1548 3928; x_wconf 46' lang='lat'>&gt;</span> 
     </span>
    </p>
   </div>
   <div class='ocr_carea' id='block_1_6' title="bbox 290 4068 1506 4339">
    <p class='ocr_par' dir='ltr' id='par_1_7' title="bbox 290 4068 1506 4339">
     <span class='ocr_line' id='line_1_23' title="bbox 290 4068 1506 4208; baseline -0.017 -12"><span class='ocrx_word' id='word_1_168' title='bbox 290 4116 346 4207; x_wconf 67' lang='grc' dir='ltr'>ζ’)</span> <span class='ocrx_word' id='word_1_169' title='bbox 387 4136 405 4189; x_wconf 91' lang='lat'>1</span> <span class='ocrx_word' id='word_1_170' title='bbox 435 4120 576 4205; x_wconf 82' lang='lat' dir='ltr'>Shilling</span> <span class='ocrx_word' id='word_1_171' title='bbox 610 4117 782 4208; x_wconf 71' lang='lat' dir='ltr'>aequivalet</span> <span class='ocrx_word' id='word_1_172' title='bbox 812 4132 857 4184; x_wconf 79' lang='lat'>12</span> <span class='ocrx_word' id='word_1_173' title='bbox 885 4113 1058 4198; x_wconf 79' lang='lat' dir='ltr'>crucigeris</span> <span class='ocrx_word' id='word_1_174' title='bbox 1083 4111 1291 4202; x_wconf 78' lang='lat' dir='ltr'>nostratibus3</span> <span class='ocrx_word' id='word_1_175' title='bbox 1317 4110 1350 4179; x_wconf 66' lang='grc' dir='ltr'><strong>ἅ</strong></span> <span class='ocrx_word' id='word_1_176' title='bbox 1378 4127 1396 4180; x_wconf 92' lang='lat'>1</span> <span class='ocrx_word' id='word_1_177' title='bbox 1424 4068 1506 4178; x_wconf 62' lang='lat' dir='ltr'>libra¹¹</span> 
     </span>
     <span class='ocr_line' id='line_1_24' title="bbox 383 4241 827 4339; baseline -0.014 -22"><span class='ocrx_word' id='word_1_178' title='bbox 383 4242 614 4335; x_wconf 80' lang='lat' dir='ltr'>Peusylvanica</span> <span class='ocrx_word' id='word_1_179' title='bbox 636 4263 665 4339; x_wconf 87' lang='lat'>4</span> <span class='ocrx_word' id='word_1_180' title='bbox 688 4241 827 4317; x_wconf 82' lang='lat' dir='ltr'>florenis.</span> 
     </span>
    </p>
   </div>
   <div class='ocr_carea' id='block_1_7' title="bbox 0 0 1772 4854">
    <p class='ocr_par' dir='ltr' id='par_1_8' title="bbox 0 0 1772 4854">
     <span class='ocr_line' id='line_1_25' title="bbox 0 0 1772 4854; baseline 0 0"><span class='ocrx_word' id='word_1_181' title='bbox 0 0 1772 4854; x_wconf 95' lang='lat' dir='ltr'> </span> 
     </span>
    </p>
   </div>
  </div>
 </body>
</html>
