3518 4846
228 374 314 467 254
457 344 708 437 Mrrrnrrn
754 368 996 453 eroum
1027 332 1295 463 suarosn·

223 553 367 673 flexilis
395 550 686 638 membranaceus
725 566 888 656 nutum,
907 546 1020 659 ¹uluto
1045 568 1219 634 montona
1246 522 1359 663 vulgo
1389 544 1533 675 elifius

226 716 405 827 Papyrus
423 708 692 838 inquam'haee
710 707 1036 817 membranacea.
1055 694 1270 818 continua,-
1286 690 1531 823 impalpabi-

226 878 294 984 lis,
325 852 587 972 dendritica,
617 873 701 981 igni
718 840 940 977 indomita,
969 844 1078 953 senio
1099 870 1141 953 in
1161 856 1229 970 fila
1242 850 1265 977 ,¹
1288 885 1354 957 aut
1374 868 1531 959 flocco-

87 1080 91 1087 ·
226 1036 305 1124 lum
324 1022 461 1121 abiens
490 1056 688 1141 pappum,
719 1044 806 1113 utut
834 1025 1141 1136 teneritudinis,
1170 1034 1453 1147 tenuitatisque
1481 1030 1530 1120 lrt

226 1194 405 1300 summae,
437 1180 671 1275 duriffimum
691 1202 851 1288 tamen,
878 1180 1221 1304 solidillrmumque
1240 1189 1433 1301 pervadit
1440 1216 1457 1293 ,·
1489 1192 1531 1281 8(

180 1344 188 1354 ’
225 1353 403 1445 insternit
424 1324 644 1437 calcareum
664 1344 859 1461 lapidem,
888 1376 977 1432 curn
998 1346 1233 1460 eoder'nper
1256 1347 1373 1435 llrata
1396 1352 1532 1463 pural-

138 1522 141 1533 '
228 1518 310 1605 lela
328 1511 381 1600 ad
401 1513 538 1616 unius,
569 1524 636 1615 aut
665 1508 856 1593 linearum
884 1507 1037 1622 aliquot
1070 1503 1292 1607 distantiam
1314 1511 1529 1601 ¹alternans.

227 1671 497 1764 Effervelcere
515 1666 617 1753 luam
637 1696 737 1784 aqua
754 1664 848 1752 lorti
866 1663 996 1753 allerit
1019 1666 1256 1769 Wallerius,
1286 1654 1429 1757 atrion
1450 1672 1529 1759 Ca·

112 1886 116 1893 =
225 1836 554 1925 rinthiacaeerte
573 1825 734 1929 isthaec;
762 1794 953 1941 srquidem
983 1854 1072 1913 cum
1095 1832 1407 1941 experimentum
1427 1828 1548 1931 istud,

230 2001 382 2086 iteratis
402 2018 585 2103 caperem
603 1988 780 2095 vicibus,
811 1986 953 2075 imbibi
968 1978 1135 2103 ¹quidem
1154 1990 1205 2073 ab
1225 1985 1368 2074 eadem
1389 2018 1526 2107 aquam

230 2155 322 2245 vidi
352 2150 510 2258 fortem,
539 2145 610 2234 led
639 2151 788 2265 absque
817 2166 926 2235 motu
956 2152 1086 2249 omni3
1117 2149 1266 2262 absque
1293 2157 1527 2263 emergenti·

231 2319 304 2405 bus
322 2311 484 2400 bullulis
504 2306 795 2419 spumantibus;
825 2309 974 2422 absque
993 2298 1272 2393 dendrirarum-
1291 2308 1526 2399 evanescen-

136 2468 140 2475 ’
231 2480 313 2578 tia;
345 2474 493 2585 absque
516 2469 667 2554 coloris
687 2472 729 2552 in
749 2495 903 2581 papyro
925 2472 1153 2555 mutatione.
1209 2467 1333 2555 Porro
1354 2428 1445 2559 oum
1462 2498 1524 2585 pt-

153 2666 160 2673 ·
232 2662 374 2750 pyrum
398 2630 503 2719 hane
526 2624 678 2714 eisdem
696 2628 817 2741 plane
847 2655 936 2712 cum
977 2626 1158 2711 calcareo
1187 2626 1388 2741 superbire
1411 2629 1524 2717 vide·

231 2824 314 2880 rem
337 2793 576 2877 ornamentis
621 2786 876 2896 dendriticis,
906 2783 1059 2871 sciendi
1077 2781 1223 2872 sueram
1244 2748 1434 2902 eupidus,
1460 2816 1523 2877 ue-

199 3005 202 3009 ·
233 2983 311 3071 que
330 2970 464 3036 tamen
484 2951 618 3064 aliquo
640 2976 773 3035 eruere
793 2966 972 3061 poteram
991 2961 1202 3056 ternpore,
1231 2951 1389 3034 cuinam
1409 2946 1522 3063 potil-

234 3109 366 3229 fimum
397 3104 515 3195 causae
545 3106 794 3194 dendriticas
831 3108 956 3193 hasce
983 3099 1156 3219 pistores
1196 3102 1462 3197 adscriberem
1485 3115 1522 3197 ln

235 3268 548 3385 Bleybergensr,
579 3269 619 3357 &
649 3266 781 3353 hocce
811 3285 891 3353 tarn
920 3266 1130 3371 calcareo,
1177 3279 1292 3383 quam
1336 3266 1523 3389 asbesto?

73 3532 78 3543 ,
234 3432 394 3523 Ferro?
426 3458 510 3547 quae
543 3433 759 3514 communis
786 3425 922 3515 saltem
954 3431 1123 3513 maxime
1159 3426 1386 3515 earumdem
1419 3434 1523 3543 origo

234 3592 396 3685 videtur
416 3586 492 3673 elle
513 3585 775 3674 Cartheusero'
800 3592 843 3671 in
861 3586 1035 3697 eleganti
1063 3583 1127 3673 sua
1148 3584 1203 3672 de
1222 3586 1437 3675 Dendritis
1453 3582 1524 3673 dni

82 3770 87 3779 ’
236 3752 445 3837 feriatione
464 3750 607 3860 pagina
632 3762 726 3854 158.
784 3741 1035 3832 Nesciebam.
1093 3743 1200 3833 Illud
1222 3764 1331 3835 certa
1348 3748 1521 3837 tenebar

242 3908 419 4007 scientia,
446 3901 1039 4019 DendritasHuttenbergenles
1056 3923 1136 3994 tarn
1162 3926 1389 4021 argenteos,
1416 3932 1521 4024 quara

240 4077 435 4176 cinereus,
465 4050 568 4160 atros
587 4073 737 4180 nigros,
766 4062 947 4159 luscosve
977 4076 1097 4184 (nam
1117 4068 1214 4165 favi
1222 4134 1239 4178 ,
1269 4068 1420 4189 rufique
1438 4072 1520 4157 reli

1383 4286 1386 4291 -
1411 4224 1474 4318 tra
