3532 4854
233 396 317 483 182
463 368 724 464 Mrunaa
755 396 994 461 ruamur
1025 394 1287 460 suarosa

144 536 159 545 Ὦ
218 574 369 673 ‘tiffime
386 576 569 689 virides,
599 575 748 691 absque
776 578 885 663 omni
910 569 1123 663 flavedinis
1154 562 1523 658 tinfiuraevadant
1595 594 1606 601 ·

235 740 426 858 denique,
454 740 583 853 grato,
611 734 754 855 siquo,
783 737 910 826 oculis
928 732 1166 851 spetbaculo.

861 1042 913 1129 X.

236 1350 523 1453 PLUMBUM
540 1357 734 1478 fraatofirm
766 1358 921 1479 olffolete
937 1357 1091 1471 flavent
1112 1352 1347 1475 lamellofiom
1378 1356 1525 1448 umetis

345 1516 565 1636 fimplicibus
594 1518 773 1607 rhombeir
793 1516 1012 1633 diophanis,
1040 1514 1179 1601 maculo
1200 1518 1354 1604 centrali
1383 1512 1426 1606 Θ
1452 1524 1528 1639 ipfir

353 1680 547 1791 rhombeo,
571 1678 770 1795 parallelo,
789 1678 968 1795 statuere
988 1682 1072 1794 rufo
1090 1674 1131 1765 o
1149 1705 1276 1792 opaco.
1304 1756 1307 1763 .
1334 1677 1442 1765 Tab.
1459 1702 1526 1771 21.

351 1832 388 1927 F
388 1842 444 1950 ig.
466 1861 525 1967 33
563 1835 749 1925 Indidem
780 1834 890 1950 super
920 1834 1527 1948 calcareoeodem31utomar·

351 2024 478 2113 gaceo
508 2012 621 2085 exau
650 1988 869 2131 obdufio..

355 2316 573 2407 Varietatis
593 2313 706 2426 hujus
726 2315 910 2420 lamellae,
939 2310 969 2397 st
985 2339 1133 2426 paucas
1152 2310 1360 2427 prostratas
1378 2310 1530 2429 demat,

243 2473 382 2566 erectae
394 2543 409 2583 ,
434 2474 506 2564 'aut
535 2477 735 2562 inclinatae
764 2493 894 2561 tamen
916 2470 969 2561 ad
987 2473 1237 2561 horizontem
1265 2472 1350 2560 sunt
1370 2503 1530 2588 omnec,

240 2655 327 2727 utut
348 2635 599 2752 permodica,
627 2637 759 2752 aliqua
784 2651 893 2720 certe
912 2625 1158 2719 craffitudine
1176 2631 1326 2763 semper
1344 2636 1531 2747 predita.

239 2771 369 2913 Quod
389 2825 519 2885 earum
539 2798 746 2883 concernit
761 2794 937 2907 figuram,
967 2791 1125 2880 rhombi
1152 2822 1217 2903 ea,
1246 2794 1532 2912 nonqradrati

244 2954 326 3061 est3
354 2958 545 3044 lateribus
567 2961 611 3042 in
641 2954 852 3069 obliquum
873 2956 1038 3065 potiuS,
1069 2980 1181 3068 quam
1210 2948 1384 3041 erechrm
1411 2983 1531 3069 angu-

240 3116 322 3201 lum
343 3115 682 3224 concurrentibus,
710 3117 839 3230 iisque
867 3117 969 3199 inter
989 3109 1027 3199 se
1056 3113 1251 3222 omnibus,
1281 3130 1323 3200 at
1343 3143 1444 3203 vero
1464 3142 1531 3205 an·

237 3274 367 3387 gulis,
394 3301 475 3362 non
493 3269 566 3359 nisu
586 3271 659 3361 fibi
692 3290 824 3362 mutuo
851 3268 1041 3384 oppositis
1060 3273 1271 3388 quibusve,
1301 3266 1528 3390 aquatione

237 3433 382 3523 Earum
404 3435 544 3550 alique
564 3434 682 3519 lateri
697 3426 886 3544 insistunt,
916 3430 1037 3521 &hae
1056 3433 1217 3550 quidem
1237 3438 1397 3547 integra
1419 3431 1528 3540 sunt;

237 3622 324 3711 quae
344 3610 483 3681 contra
504 3596 664 3706 integre
683 3616 764 3679 non
783 3589 883 3705 sunt,
914 3609 979 3681 aut
997 3594 1155 3681 rhombi
1185 3593 1437 3707 diagonalem
1453 3620 1528 3707 pro

238 3751 319 3841 bafi
348 3754 514 3862 habent,
543 3772 607 3842 aut
626 3755 858 3868 parallelum
888 3751 1119 3876 diaigonali,¹
1135 3757 1316 3872 quamvis
1333 3751 1446 3867 supra
1463 3771 1529 3844 aut

237 3910 337 4002 infra
367 3932 559 4026 centrum,
588 3914 748 4003 lineam.
825 3913 1107 4003 Admiratione
1136 3913 1182 4002 id
1210 3920 1380 4002 maxime
1406 3920 1528 4005 iniit

232 4071 399 4189 dignum
429 4070 503 4199 est,
530 4072 641 4192 quod
670 4102 759 4166 cunr
776 4075 935 4167 coloris
963 4072 1038 4166 surt
1064 4105 1252 4197 perquam
1281 4078 1427 4190 dilute,
1458 4074 1527 4167 etsr

1353 4234 1468 4329 obso-
