3532 4854
331 344 386 417 η
600 346 604 351 ·
697 328 974 451 lucrant
1033 355 1252 463 arcam

416 530 463 625 Im
482 528 747 643 Pensylvania
775 559 878 620 anno
904 555 1032 645 1749,
1064 531 1134 621 die
1161 527 1326 647 7Maii,
1355 531 1473 622 flores
1496 542 1625 663 expli.

249 696 255 709 ’
327 726 420 789 care
451 711 641 809 coepetat.
728 692 921 809 Sequenti
953 721 1056 783 anno
1090 692 1251 809 Juglans
1272 722 1451 811 europaea
1483 696 1623 814 (regia

207 905 214 915 ’
304 856 514 970 ,Iinnaei)
543 860 585 943 in
604 851 870 983 Pensylvarria'
890 858 998 943 circa
1017 850 1180 942 Novam
1197 853 1410 944 Caesaream
1430 857 1624 970 plantata,

315 1006 321 1019 ’
326 1048 351 1131 5
365 1016 471 1131 Maji.
485 1013 626 1105 florere
645 1018 722 1125 jam
742 1014 925 1123 deterat,
955 1014 1050 1103 dum
1067 1008 1226 1128 Juglans
1246 1018 1358 1129 nigra
1377 1022 1528 1130 primos
1551 1015 1624 1106 de-

274 1148 277 1152 ¹
320 1209 427 1268 mum
447 1171 602 1267 ibidem
623 1175 883 1291 protrudebat
903 1171 1037 1279 florea

317 1540 319 1545 ·
377 1528 383 1544 ’
409 1492 528 1583 Folia
546 1489 630 1580 sero
651 1490 743 1583 satis
763 1497 996 1607 germinant.
1041 1494 1165 1579 Anno
1192 1520 1304 1608 1749
1329 1480 1636 1608 circa'9Maji5.

282 1645 284 1649 ’
320 1652 618 1774 sequentianno
641 1650 787 1739 eodem
810 1658 882 1741 vix
905 1681 986 1740 non
1008 1667 1200 1768 tempore.

389 1952 542 2059 'Nuces
562 1971 682 2055 etiam
710 1963 795 2054 sero
814 1963 1074 2057 maturescunt
1093 1973 1136 2056 in
1167 1965 1434 2082 Pensylvania
1463 1998 1510 2057 ac
1532 1968 1619 2059 No·

321 2111 378 2222 va
398 2126 588 2237 Caesarea,
620 2130 781 2215 circiter
801 2125 868 2216 sub
887 2129 1005 2216 finem
1026 2125 1283 2244 Septembris.
1320 2127 1491 2217 Decima
1513 2125 1623 2218 osta*

320 2318 377 2379 va
397 2283 588 2377 Ottobris
614 2315 723 2400 1749
753 2255 889 2377 omrres
919 2285 1272 2403 sereldeciderant.
1360 2291 1484 2377 Anno
1512 2319 1563 2406 17
1570 2318 1624 2400 50

325 2450 526 2566 pleraque
544 2451 621 2559 jam
640 2445 748 2536 sext-a
769 2441 976 2539 Ottobris.

366 2774 369 2779 ’
409 2761 528 2853 Folia
548 2780 590 2850 ut
618 2763 827 2879 plurimum
850 2745 967 2850 brevi
997 2759 1250 2872 delabuntur,
1280 2761 1533 2877 posteaquam
1553 2793 1623 2853 nu·
1753 2840 1756 2847 Α

325 2953 395 3014 ces
416 2923 471 3011 ad
492 2926 754 3010 maturitatem
776 2940 1059 3034 pervenerunt,
1079 2921 1151 3009 nisr
1173 2924 1416 3038 tempestatis
1436 2930 1537 3013 ratio
1552 2925 1623 3012 hic

326 3084 428 3205 quid
450 3100 587 3170 mutet.
674 3079 844 3167 Decima
874 3075 1020 3168 octava
1059 3047 1250 3170 Ofiobris
1289 3115 1398 3199 1749
1424 3083 1532 3172 foliis
1551 3091 1624 3173 vix

321 3274 403 3336 non
425 3252 562 3333 onmes
582 3241 742 3329 arbores
763 3227 923 3329 nudatae
943 3235 1111 3353 fuerant,
1147 3270 1258 3357 1750
1279 3274 1379 3332 vero
1402 3244 1457 3333 ad
1476 3243 1621 3358 vigesi-

320 3439 422 3500 mam
444 3398 627 3526 octavam
647 3417 771 3519 us'que
791 3393 982 3491 Octobris
1001 3403 1161 3489 circiter
1182 3404 1444 3518 perstiterunt.

406 3711 620 3821 Utiliss'rma
641 3717 821 3836 quidem,
850 3723 909 3804 uti
928 3745 1023 3805 mox
1047 3719 1166 3806 latius
1184 3692 1528 3835 demonstrabitur,
1557 3734 1635 3809 ari

321 3888 394 3974 bor
415 3884 530 3970 vario
553 3909 603 3965 ex
625 3883 757 3993 capite
781 3877 860 3980 est;
890 3877 955 3963 his
979 3888 1110 3965 tamen
1140 3880 1501 3990 nonobstantibus,
1529 3840 1634 3993 pra-⁵
1666 3910 1667 3913 ‘

324 4063 382 4158 ta,
413 4037 583 4159 pascua,
614 4036 756 4129 hortos
784 4030 980 4123 floriferas
1011 4065 1060 4127 ac
1085 4035 1266 4154 oliferos,
1297 4040 1442 4130 damno
1463 4044 1617 4153 maiori,

1443 4227 1559 4319 quam
