3532 4854
241 360 321 455 178
467 340 1296 453 Mrunrarnumurreaoo'aa

235 552 288 635 ris
301 546 528 636 eorumdem
545 546 869 663 diophaneitatis,
890 537 1325 657 bbdiaphaneitatisve
1342 543 1532 637 causavi-
1577 668 1580 673 ι

58 784 86 827 ,Ι
237 707 353 794 detur
375 706 463 803 esse.
491 704 642 796 Matrix
661 711 833 824 illarum,
860 729 1162 825 ceterarumque
1175 734 1270 793 mex
1288 734 1531 798 commemo·

237 869 445 957 randarum
468 898 491 954 e
511 865 746 959 fodiat-hac
776 879 1036 979 varietatum,
1067 898 1141 956 una
1172 864 1279 969 sere,
1309 866 1531 988 eademque

237 1026 387 1142 semper
405 1026 666 1117 elicitorem
678 1029 881 1146 Cronsledli
896 1030 1089 1147 particulis
1109 1027 1392 1144 impalpabilibus
1411 1029 1528 1135 albus,

236 1186 339 1277 &ex
358 1190 451 1275 albo
481 1187 782 1303 subgrisescens,
813 1197 912 1277 riuis
937 1189 1032 1304 spati
1057 1191 1227 1275 calcarei
1253 1186 1413 1297 hyalini
1431 1199 1529 1276 non-

233 1374 432 1464 nunquam
448 1348 661 1461 percursus.
712 1350 860 1438 Verum
880 1344 991 1463 p'lura
1010 1348 1205 1464 suntque
1225 1352 1267 1430 in
1288 1338 1429 1463 lapide
1449 1350 1530 1435 hoc
1575 1337 1579 1343 ’

236 1511 454 1595 attentione
482 1508 600 1621 paulo
633 1506 816 1620 digniora
848 1513 1097 1610 notavimus,
1128 1535 1243 1620 quarn
1278 1523 1322 1590 ut
1354 1510 1539 1619 generali¹

234 1638 406 1755 calcanei
429 1670 593 1754 notione
613 1670 792 1754 contenti
819 1661 997 1784 possimus
1021 1664 1111 1753 esse.
1168 1650 1393 1778 Specularis
1410 1674 1530 1758 'cum-

233 1830 395 1940 primis,
427 1851 543 1941 quarn
567 1825 627 1960 vob
656 1833 825 1938 partium
857 1822 1188 1943 aequabilitatem,
1218 1821 1529 1943 densitatemque

234 1982 415 2071 summam
435 1979 606 2097 suscipit,
627 1985 868 2098 politura&
887 2016 963 2103 qua
982 1987 1236 2072 marmoribus
1257 1986 1528 2074 unicoloribus

236 2142 434 2229 Wallerii
462 2169 543 2231 oon
571 2146 766 2232 immerito
799 2144 1111 2235 adnumerandus
1133 2143 1209 2249 est3
1240 2161 1320 2231 tum
1339 2140 1527 2258 pillurae,

233 2328 330 2419 cpias
352 2299 597 2389 dendriticas
619 2323 796 2415 vocant,
825 2310 973 2418 nigra,
1002 2304 1161 2390 surculis
1182 2304 1312 2416 hypni
1332 2302 1527 2417 prosileri,

235 2477 302 2549 aut
320 2462 486 2547 abietini
507 2454 684 2573 Linnaei‚
716 2493 829 2580 quam
851 2462 1076 2569 bmillimae3
1108 2480 1203 2583 quas
1224 2492 1305 2550 non
1324 2479 1405 2551 tam
1424 2460 1527 2553 serto

234 2650 323 2709 cum
343 2618 626 2732 Cartheusero,
657 2652 771 2738 quam
791 2621 1004 2736 fuliginosa
1023 2629 1153 2739 potius
1172 2621 1382 2738 Magnestae
1402 2626 1536 2713 wal-²
1583 2726 1586 2730 μ

232 2784 323 2870 lerii
337 2779 617 2870 adscribendas
629 2780 705 2867 else
717 2778 818 2868 infra
829 2782 1010 2893 ostensuri
1022 2781 1166 2888 sumur3
1195 2782 1527 2900 deniquemagni,

234 2944 467 3059 quibusnon
485 2965 572 3026 raro
593 2935 709 3028 soetus
731 2942 802 3053 est,
824 2945 971 3032 nuclei.
1028 2940 1090 3031 Hi
1111 2971 1190 3030 non
1203 2949 1315 3030 nucia
1335 2940 1527 3030 duntaxat

235 3103 421 3211 majoris,
450 3095 521 3186 sed
540 3104 650 3214 pomi
672 3105 789 3187 etiam
809 3101 1119 3216 magnitudinem
1137 3096 1335 3190 interdum
1355 3116 1526 3218 equam,

236 3259 412 3374 ejusdem
432 3261 580 3373 plane,
610 3286 698 3345 curn
717 3276 841 3347 matre
861 3262 999 3380 lapide
1020 3256 1199 3350 materiei
1222 3263 1436 3364 calcareae,
1465 3266 1541 3347 in·-

236 3438 296 3509 tra
319 3410 643 3539 curjur'cavitates
664 3419 898 3537 consepulti,
920 3420 1081 3509 easdem
1101 3417 1242 3509 exalte
1260 3420 1433 3534 replent,
1455 3416 1526 3507 etsr

235 3608 324 3668 cum
344 3578 489 3667 eodem
509 3583 688 3666 continui
716 3581 826 3669 haud
844 3581 954 3696 sunt,
983 3597 1194 3696 propterea
1215 3577 1528 3727 quodjlerumo

237 3769 316 3856 que
337 3757 402 3827 aut
431 3739 582 3852 glutine
601 3766 807 3854 margaceo
838 3738 951 3852 ruso,
983 3758 1048 3830 aut
1074 3739 1198 3829 crusta
1229 3740 1339 3828 tenui
1358 3735 1526 3851 crystal-

236 3900 349 3986 lino·
366 3896 516 3985 drusrca
541 3895 639 4013 spati
661 3902 832 3990 calcarei
855 3902 938 3989 albi
966 3900 1224 3988 obducantur.
1253 3936 1259 3943 ·
1281 3894 1425 3987 Forma
1453 3904 1524 3987 nu·

237 4059 337 4149 cleis
355 4057 437 4170 his,
466 4056 582 4154 instat
599 4063 860 4155 immobilium
877 4061 1136 4174 embryonum
1152 4061 1413 4152 iuuaretiten
1421 4082 1523 4147 mar·
1613 4098 1615 4106 ·

1335 4242 1466 4308 more·
1528 4282 1531 4286 -
